1934 3260
107 981 152 1007 10

102 2683 150 2723 35

224 252 275 291 30
621 240 960 280 INSTRUCTIO
984 242 1078 280 PIE
1100 243 1341 282 VIVENDI

225 379 287 412 est
329 378 376 412 ut
417 373 497 418 ille,
541 385 622 422 que
664 371 749 410 suis
789 373 950 412 meritis
990 374 1187 413 omnibus
1227 375 1408 425 placent,
1451 378 1494 413 et
1535 386 1559 412 a
1599 373 1763 412 cunctis

224 444 493 484 venerantur,
518 437 597 476 tibi
619 437 842 489 displicent
864 443 906 477 et
929 451 954 477 a
976 444 1018 478 te
1041 441 1130 479 sola
1151 440 1390 491 culpantur.
1449 439 1609 490 Quinto
1629 451 1636 477 :
1661 439 1762 490 quia

225 505 258 544 si
282 510 323 544 te
347 505 452 543 bene
474 504 711 554 respiceres,
737 504 895 543 nemini
916 505 1138 553 invideres,
1164 506 1366 557 quoniam
1390 505 1535 557 quales
1558 504 1637 543 alie
1661 509 1760 544 sunt

223 571 265 610 in
291 574 521 621 conspectu
544 570 623 608 Dei
646 570 792 617 nescis,
819 571 956 621 qualis
979 585 1080 611 vero
1104 576 1153 611 tu
1177 585 1220 611 es
1243 572 1336 623 ipsa
1359 572 1508 611 melius
1531 570 1722 621 agnoscis
1741 571 1756 610 ?

224 638 380 676 Sexto:
411 636 511 687 quia
538 640 587 674 ut
614 636 858 675 nullatenus
886 637 1012 684 dicas,
1044 639 1068 652 “
1088 638 1290 689 quoniam
1318 638 1352 676 si
1378 638 1446 677 ille
1473 637 1542 676 vel
1567 636 1648 682 ille,
1679 649 1761 688 que

223 707 314 742 tam
332 703 537 741 honorate
555 702 642 741 sive
660 702 769 741 bone
787 702 899 742 fame
917 708 1016 743 sunt
1034 704 1140 743 bene
1158 707 1520 755 cognoscerentur,
1539 715 1762 754 nunquam

222 768 510 814 laudarentur,
542 768 615 807 sed
644 768 744 819 quia
772 773 839 808 tot
869 769 982 808 bona
1009 783 1094 809 non
1125 770 1312 821 suspicor
1341 783 1429 809 esse
1457 769 1501 808 in
1529 768 1643 820 ipsis,
1674 781 1759 807 non

223 847 394 886 possum
422 847 506 873 non
534 834 723 873 invidere
751 835 852 874 eis.'’
910 836 977 875 Ad
1005 836 1121 887 quod
1148 840 1289 887 potest
1317 835 1572 887 responderi,
1606 835 1629 849 “
1649 834 1683 873 si
1710 838 1760 874 tu

221 901 414 951 religiosa
443 913 563 946 esses,
594 914 816 952 nunquam
846 907 1018 953 propter
1047 904 1126 941 hoc
1155 903 1214 942 eis
1241 902 1463 948 invideres,
1495 901 1568 940 sed
1597 913 1760 952 semper

223 967 274 1006 de
305 967 444 1006 dubiis
474 966 688 1006 meliorem
719 972 885 1018 partem
915 969 1127 1019 eligeres.”
1185 969 1249 1007 De
1280 969 1447 1007 duobus
1476 967 1588 1006 enim
1619 966 1759 1005 dubiis

223 1046 386 1084 semper
423 1033 569 1072 melior
607 1046 704 1084 pars
742 1034 933 1085 eligenda
970 1039 1047 1074 est.
1107 1035 1323 1086 Septimo:
1365 1034 1465 1085 quia
1502 1046 1657 1083 magna
1695 1037 1757 1072 est

222 1099 437 1150 iniquitas,
484 1099 599 1150 quod
643 1099 722 1138 tibi
766 1114 986 1152 nunquam
1030 1101 1241 1140 malefecit
1286 1105 1361 1139 aut
1405 1099 1638 1145 maledixit,
1686 1099 1759 1138 sed

223 1165 488 1204 solummodo
525 1165 625 1216 quia
662 1166 770 1205 bone
808 1166 919 1206 fame
956 1172 1032 1213 est,
1072 1167 1139 1206 vel
1176 1167 1340 1218 prelata
1376 1171 1453 1205 tua
1492 1165 1630 1215 (163b)
1670 1165 1758 1204 sive

222 1232 397 1270 alicuius
412 1231 605 1277 nominis,
623 1232 718 1271 ideo
732 1233 897 1272 invides
912 1234 961 1272 ei.
1021 1234 1186 1273 Octavo
1207 1246 1213 1272 ;
1232 1233 1332 1284 quia
1347 1245 1502 1282 magna
1516 1231 1759 1282 insipientia

222 1303 297 1342 est,
336 1298 538 1349 quoniam
575 1299 607 1336 si
644 1299 804 1338 bonum
840 1300 1012 1338 alterius
1048 1313 1224 1345 amares,
1262 1304 1386 1338 tuum
1422 1299 1580 1337 faceres
1599 1310 1607 1343 ;
1645 1297 1758 1336 unde

220 1364 372 1403 beatus
388 1364 651 1415 Augustinus
669 1365 741 1411 ait,
764 1366 788 1380 “
807 1379 904 1405 ama
922 1366 1082 1405 bonum
1100 1365 1281 1417 proximi
1299 1365 1363 1404 tui
1381 1370 1422 1404 et
1440 1368 1565 1404 tuum
1583 1362 1729 1402 facis.”
1744 1362 1761 1387 1

220 1430 345 1469 Nono
365 1443 371 1469 :
397 1431 496 1481 quia
517 1431 712 1470 invidens
732 1433 977 1483 Dyabolum
997 1433 1192 1471 imitatur
1214 1437 1256 1471 et
1279 1431 1457 1470 efficitur
1478 1430 1515 1469 ei
1538 1430 1658 1476 filius,
1683 1429 1757 1480 qui

221 1509 384 1547 semper
412 1497 532 1535 bonis
558 1498 721 1537 invidet
749 1503 791 1537 et
817 1499 1031 1550 religiosis.
1090 1499 1180 1538 Hec
1207 1498 1394 1543 audiens,
1425 1496 1684 1548 pertimesce,
1713 1499 1755 1534 et

221 1576 389 1602 omnem
417 1563 623 1602 invidiam
653 1577 677 1602 a
706 1565 830 1604 corde
859 1570 934 1604 tuo
962 1565 1127 1616 repelle.
1186 1564 1309 1615 Quod
1338 1564 1372 1602 si
1401 1563 1516 1609 dicis,
1549 1561 1756 1612 “aliquos

219 1637 364 1668 motus
399 1629 557 1669 invidie
595 1631 851 1682 quandoque
889 1632 1037 1675 sentio,
1079 1631 1151 1670 sed
1187 1631 1285 1669 inde
1322 1629 1446 1668 valde
1484 1627 1754 1674 contristor,”

221 1695 322 1734 dicit
338 1696 418 1734 tibi
434 1696 586 1735 beatus
601 1697 855 1744 Bernardus,
876 1699 898 1711 ‘¹
919 1698 952 1736 si
969 1698 1084 1736 doles
1099 1697 1214 1748 quod
1229 1696 1405 1742 invides,
1424 1694 1554 1734 sentis
1570 1693 1755 1745 quidem,

217 1762 290 1800 sed
314 1775 397 1800 non
421 1763 675 1809 consentis,’'
691 1764 1018 1803 2tantummodo
1041 1777 1143 1803 cave
1166 1776 1218 1802 ne
1231 1763 1304 1801 des
1326 1761 1518 1800 membra
1540 1765 1617 1799 tua
1639 1772 1758 1798 arma

215 1828 467 1879 iniquitatis,
484 1829 500 1852 3
520 1829 715 1869 videlicet
738 1831 926 1881 linguam
950 1831 1004 1869 ad
1027 1830 1350 1874 detrahendum,
1376 1840 1497 1866 aures
1520 1827 1575 1866 ad
1598 1827 1758 1864 malum

220 1895 491 1940 audiendum,
521 1909 590 1934 cor
616 1897 670 1934 ad
695 1897 991 1936 meditandum
1017 1903 1058 1936 et
1085 1909 1236 1935 manus
1262 1895 1316 1934 ad
1341 1894 1592 1933 nocendum.

221 2022 288 2052 DE
315 2023 606 2053 AMBITDJNE.
1331 2021 1619 2052 CAPITL‘LUM
1645 2019 1752 2049 XXI.

275 2072 464 2128 Ambitio
499 2072 531 2110 si
565 2073 643 2111 tibi
677 2073 873 2120 arriserit,
910 2086 1085 2112 onerosa
1118 2077 1209 2118 est;
1244 2084 1295 2110 ne
1328 2070 1526 2109 intendas
1558 2070 1607 2108 ei.
1666 2069 1756 2107 Hec

221 2150 389 2188 quoque
433 2138 487 2176 ad
530 2139 708 2178 honores
750 2145 791 2179 et
836 2140 1090 2191 prelationes
1132 2137 1403 2189 provocando
1446 2135 1640 2181 attrahit,
1685 2134 1758 2173 sed

220 2204 366 2242 multis
396 2205 632 2244 rationibus
663 2207 1039 2245 contradicendum
1070 2210 1133 2244 est
1164 2204 1213 2243 ei.
1274 2203 1441 2242 Primo:
1475 2202 1575 2253 quia
1605 2200 1757 2252 prelati

221 2270 308 2308 sive
334 2270 375 2308 in
403 2271 548 2309 officiis
573 2272 797 2311 constituti
823 2273 1010 2312 diversas
1036 2270 1376 2323 perturbationes
1402 2273 1445 2308 et
1471 2266 1757 2306 solicitudines

221 2349 268 2374 ac
294 2349 414 2374 curas
439 2337 597 2376 habent
623 2338 858 2381 ordinandi,
885 2338 1174 2378 conservandi.
1202 2335 1485 2387 dispensandi,
1512 2332 1756 2385 acquirendi

221 2408 261 2440 et
281 2403 417 2442 multa
435 2403 517 2442 alia
535 2404 715 2443 faciendi
733 2418 785 2443 ex
803 2405 882 2443 hiis
900 2418 981 2456 que
999 2409 1097 2443 sunt
1117 2403 1195 2442 sub
1212 2402 1325 2454 ipsis,
1346 2415 1371 2440 a
1388 2401 1542 2452 quibus
1560 2398 1756 2438 omnibus

220 2468 261 2505 in
300 2481 401 2519 pace
439 2475 615 2520 possunt
653 2483 740 2510 esse
777 2471 968 2510 subiecti.
1027 2469 1247 2510 Secundo:
1286 2468 1386 2519 quia
1422 2466 1676 2518 prelationes
1711 2469 1754 2503 et

221 2535 355 2573 officia
402 2537 582 2574 multam
629 2537 852 2576 materiam
898 2543 940 2576 et
987 2536 1249 2575 occasionem
1295 2533 1492 2584 vagandi,
1539 2530 1752 2582 loquendi,

220 2600 395 2646 ridendi,
428 2603 686 2647 comedendi,
719 2604 891 2643 bibendi
920 2609 961 2643 et
993 2608 1132 2642 cetera
1161 2601 1243 2640 alia
1272 2599 1453 2639 faciendi
1482 2598 1584 2637 ami-
1617 2596 1752 2647 (164a)

221 2666 434 2713 -nistrant,
471 2682 551 2718 que
585 2670 727 2708 omnia
759 2670 937 2709 humiles
970 2668 1148 2708 subiecti
1179 2668 1390 2717 ignorant.
1447 2664 1620 2704 Tercio:
1657 2662 1757 2713 quia

266 2792 402 2833 lHugo
426 2796 470 2825 de
498 2795 530 2826 S.
552 2796 645 2827 Yiet.
673 2798 716 2827 (16
744 2797 820 2829 Sac.
848 2805 888 2833 11,
915 2797 1034 2835 Migne
1060 2795 1144 2826 P.L.
1171 2791 1392 2824 CLXXV1⁵³81
1420 2793 1482 2822 the
1507 2791 1688 2821 reference
1705 2792 1745 2820 to

217 2838 420 2876 Augustine
437 2839 465 2869 is
483 2849 689 2874 erroneous,
710 2842 754 2873 61.
776 2843 917 2873 Ancren
940 2834 1063 2875 Riwle,
1083 2839 1244 2870 camden
1264 2838 1421 2877 Society,
1440 2846 1474 2876 p.
1495 2836 1572 2866 283.

264 2881 397 2957 {13er.
422 2882 589 2946 Serm.li3n
611 2885 715 2916 Cant.
741 2894 838 2916 XLIX
858 2886 873 2927 ξ
894 2888 913 2916 S
934 2887 1064 2925 Migne,
1088 2883 1171 2913 PL.
1193 2879 1459 2912 CLXXX1111⁰2⁰.

291 2937 325 2957 a(
393 2936 464 2958 om.
488 2936 535 2958 vr.
