1934 3260
145 1001 193 1029 10

143 2045 164 2072 [ὑ

171 2043 191 2081 υι

144 2380 193 2416 30

142 2714 193 2754 35

661 260 733 299 ET
760 260 1025 300 SUPERNA
1052 261 1398 303 MEDITANDI.
1753 272 1802 310 31

259 405 424 443 semper
475 391 632 431 debent
684 404 772 431 esse
823 392 977 431 soliciti
1028 394 1144 444 quod
1195 394 1246 433 de
1299 394 1496 433 omnibus
1546 392 1712 431 iudiciis
1761 397 1804 432 et

261 457 602 498 ordinationibus
625 457 711 497 suis
735 458 826 497 Deo
850 462 950 498 sunt
973 459 1184 498 rationem
1207 460 1427 507 reddituri,
1454 472 1479 498 a
1503 459 1658 510 quibus
1680 459 1806 498 rebus

262 525 362 563 boni
393 524 572 563 subiecti
603 528 703 563 sunt
734 524 967 564 exonerati.
1027 526 1217 577 Quarto:
1251 527 1352 578 quia
1383 526 1525 572 oculis,
1559 525 1733 564 auribus
1763 530 1805 564 et

262 591 415 641 linguis
443 595 695 630 cunctorum
722 595 1008 642 exponuntur,
1040 605 1122 643 que
1151 593 1294 632 omnia
1321 592 1501 632 subiecti
1529 591 1694 643 pacifici
1721 605 1806 630 non

262 662 476 696 verentur.
536 656 724 708 Quinto:
754 657 855 708 quia
882 671 979 697 cum
1007 659 1150 697 omnia
1176 659 1290 698 bona
1316 672 1398 710 que
1426 663 1604 710 possunt
1632 658 1808 697 fecerint

263 723 349 763 suis
376 723 589 770 subiectiS,
620 723 790 774 plurimi
816 737 901 763 non
929 729 1094 771 curant,
1125 725 1198 764 sed
1225 739 1389 777 semper
1417 725 1708 776 obloquuntur
1735 724 1805 763 eis.

263 791 420 830 Sexto:
460 789 561 841 quia
597 790 671 841 qui
706 789 761 829 ad
797 791 874 830 1166
910 791 1129 842 pervenire
1165 792 1357 843 cupiunt,
1395 791 1542 830 multis
1577 790 1805 837 laboribus,

262 856 457 902 servitiis,
508 856 828 895 adulationibus
876 861 918 896 et
967 857 1047 896 hiis
1095 858 1302 897 similibus
1350 858 1607 909 quandoque
1656 857 1710 895 ad
1759 869 1808 896 ea

262 923 484 968 accedunt,
511 935 592 973 que
614 923 795 974 religiosi
818 923 1013 975 discipuli
1036 925 1172 964 facere
1196 928 1520 976 contempnunt.
1588 923 1778 974 Septimo
1799 935 1805 961 :

263 989 364 1040 quia
393 988 487 1027 finis
515 1001 661 1028 eorum
691 1002 855 1041 semper
884 995 949 1029 est
977 991 1262 1037 meditandus,
1295 990 1411 1042 quod
1440 990 1597 1029 scilicet
1627 989 1700 1040 qui
1729 989 1809 1028 hiis

263 1055 445 1106 amplius
476 1055 751 1107 implicantur
783 1069 880 1095 cum
913 1056 968 1095 ad
1001 1058 1128 1096 finem
1160 1058 1367 1104 venerint,
1403 1057 1437 1096 si
1469 1056 1641 1108 sapiunt
1675 1055 1809 1106 magis

262 1121 429 1168 timent,
457 1122 530 1173 qui
554 1135 654 1161 vero
678 1123 819 1162 minus
843 1128 918 1162 aut
943 1137 995 1162 ex
1019 1128 1113 1163 toto
1138 1124 1266 1163 nichil
1289 1124 1348 1163 eis
1372 1127 1603 1162 onerantur
1627 1122 1809 1173 amplius

261 1188 463 1239 gaudent.
523 1189 717 1229 Octavo:
766 1189 867 1241 quia
912 1190 954 1228 in
1001 1190 1068 1230 die
1114 1190 1256 1229 iudicii
1303 1190 1595 1241 unusquisque
1642 1202 1717 1240 pro
1765 1201 1807 1227 se

261 1255 471 1293 rationem
508 1255 683 1295 reddere
721 1269 807 1295 non
847 1256 1038 1303 sufficiet,
1080 1262 1244 1308 quanto
1283 1257 1422 1296 minus
1462 1269 1538 1307 pro
1577 1268 1619 1294 se
1659 1260 1700 1294 et
1740 1259 1806 1294 tot

261 1321 486 1360 animabus
513 1334 562 1359 ac
588 1322 680 1361 aliis
705 1323 843 1369 rebus,
873 1336 979 1374 quas
1004 1324 1209 1374 regendas
1235 1329 1277 1362 et
1304 1322 1604 1362 custodiendas
1630 1322 1806 1373 accepit,

262 1388 450 1427 sufficere
482 1388 675 1439 poterit?
735 1389 887 1428 Nono:
923 1389 1023 1440 quia
1054 1390 1191 1429 multo
1223 1390 1405 1441 amplius
1437 1388 1712 1440 aspirandum
1744 1392 1807 1426 est

263 1458 305 1493 et
340 1454 598 1493 anelandum
632 1455 688 1494 ad
722 1455 871 1495 beatas
904 1455 997 1495 illas
1031 1461 1072 1495 et
1107 1461 1275 1495 eternas
1309 1456 1551 1506 dignitates,
1589 1467 1718 1506 quam
1753 1454 1808 1493 ad

261 1520 366 1559 istas
392 1521 575 1560 caducas
600 1526 642 1561 et
669 1522 824 1561 cotidie
850 1522 1127 1562 deficientes.1
1185 1523 1227 1563 Si
1253 1524 1328 1562 hec
1354 1522 1564 1572 intelligis,
1593 1525 1808 1572 presentes

264 1587 443 1626 honores
472 1601 695 1639 nunquam
725 1589 902 1628 amabis.

263 1715 331 1745 DE
353 1715 610 1747 AVARITIA.
1361 1716 1651 1748 CAPlTULUM
1675 1715 1804 1745 XXII.

321 1765 460 1816 (164b)
491 1766 686 1805 Avaritia
714 1766 747 1804 si
775 1767 817 1805 in
845 1767 970 1805 corde
998 1772 1074 1805 tuo
1102 1767 1296 1806 habitare
1324 1766 1519 1811 voluerit,
1550 1765 1687 1816 turpis
1715 1768 1807 1811 est;

263 1843 347 1869 11611
391 1836 454 1870 651
498 1832 732 1871 necessaria
775 1833 867 1872 tibi.
927 1834 1018 1872 Hec
1061 1846 1161 1872 vero
1205 1833 1256 1872 de
1300 1833 1461 1871 divitiis
1504 1836 1546 1871 et
1591 1832 1641 1870 de
1685 1831 1810 1869 rebus

263 1897 506 1937 huiusmodi
528 1899 806 1950 progreditur,
832 1899 899 1938 cui
920 1900 1008 1939 iure
1030 1900 1176 1938 multis
1197 1899 1335 1938 modis
1355 1899 1577 1938 resistitur.
1638 1897 1779 1936 Primo
1800 1909 1807 1936 2

263 1964 363 2014 quia
392 1978 457 2003 res
487 1966 742 2016 temporales
771 1967 813 2004 in
845 1966 1102 2017 acquirendo
1133 1979 1203 2005 cor
1233 1966 1358 2004 nimis
1388 1965 1616 2010 solicitant,
1650 1964 1807 2002 scilicet

261 2030 507 2077 laborando,
534 2032 762 2083 vigilando,
789 2033 924 2071 maria
946 2033 1266 2072 transfretando
1290 2037 1331 2071 et
1357 2032 1439 2071 alia
1462 2032 1599 2070 multa
1623 2030 1809 2082 pericula

260 2097 521 2145 sustinendo,
537 2098 553 2122 2
574 2112 655 2150 que
679 2099 821 2138 omnia
843 2112 968 2138 verus
991 2112 1152 2151 pauper
1174 2112 1259 2138 non
1282 2099 1425 2145 sentit,
1450 2111 1521 2137 eas
1543 2110 1619 2149 pro
1642 2096 1809 2136 Christo

261 2165 616 2215 contempnendo.
659 2167 853 2206 Secundo
874 2179 880 2206 :
905 2167 1006 2217 quia
1026 2166 1099 2218 qui
1120 2179 1190 2205 eas
1220 2165 1451 2217 possident,
1475 2178 1527 2204 ne
1548 2164 1661 2215 ipsas
1683 2163 1807 2203 amit—

262 2234 371 2274 tant,
397 2244 554 2278 omnes,
578 2246 684 2283 quos
705 2233 903 2278 viderint,
928 2233 1096 2272 timent.
1157 2233 1199 2273 Si
1220 2232 1333 2271 enim
1355 2231 1540 2270 Viderint
1563 2241 1807 2282 pauperem,

260 2301 420 2347 ,putant
461 2311 549 2337 esse
597 2299 745 2345 furem,
798 2299 833 2338 si
889 2299 1080 2345 divitem,
1132 2299 1310 2338 credunt
1360 2302 1589 2349 raptorem.
1641 2298 1806 2347 Pauper

262 2376 363 2401 vero
392 2377 563 2404 securus
592 2379 756 2417 semper
785 2370 861 2413 est,
885 2366 985 2418 quia
1015 2366 1131 2418 quod
1160 2365 1311 2417 perdat
1340 2378 1426 2403 non
1457 2364 1599 2403 habet.
1629 2362 1804 2403 Tercio:

265 2429 364 2479 quia
384 2430 417 2469 si
438 2444 508 2470 eas
543 2432 773 2479 amiserint,
806 2433 860 2471 ad
890 2437 1073 2472 mortem
1109 2433 1431 2477 contristantur,
1464 2442 1624 2482 pauper
1662 2433 1807 2467 autem

263 2496 391 2534 nichil
428 2497 589 2537 habens
623 2499 739 2550 quod
776 2499 940 2551 perdat,
981 2512 1145 2550 semper
1186 2498 1462 2550 spiritualiter
1510 2496 1777 2535 iocundatur.
1794 2494 1809 2517 3

263 2562 426 2613 Quarto
446 2576 452 2602 :
476 2565 576 2615 quia
597 2565 670 2616 qui
690 2578 760 2604 eas
780 2571 941 2612 amant,
963 2566 1056 2604 illas
1076 2564 1379 2610 conservando,
1402 2569 1449 2602 ut
1472 2563 1581 2601 servi
1601 2562 1803 2606 serviunt,

261 2633 303 2667 et
325 2629 419 2668 ideo
441 2634 532 2669 tam
553 2644 602 2670 ea
624 2645 705 2683 que
727 2633 900 2679 habent,
925 2645 1055 2684 quam
1077 2645 1126 2671 ea
1147 2645 1229 2683 que
1251 2644 1335 2670 non
1358 2630 1518 2669 habent
1540 2629 1599 2668 eis
1621 2628 1774 2667 desunt
1797 2640 1804 2673 ;

259 2708 281 2734 e
303 2701 452 2735 contra
473 2698 640 2737 affatim
661 2698 780 2738 dives
801 2704 864 2738 est
887 2699 960 2750 qui
982 2712 1058 2751 pro
1080 2698 1246 2738 Christo
1268 2709 1429 2749 pauper
1450 2701 1526 2735 est.
1542 2695 1558 2718 4
1618 2694 1777 2745 Quinto
1797 2705 1803 2732 :

306 2822 317 2841 1
334 2824 398 2855 ΜΞ.
424 2825 641 2858 difficientes

305 2866 317 2885 ²
334 2868 421 2900 Hor.
448 2877 459 2898 1
483 2871 601 2912 Epist.
626 2870 682 2902 14⁶.

308 2911 321 2930 ³
341 2912 421 2944 Iuv.
450 2915 525 2946 Sat.
554 2914 624 2946 X22.

304 2956 442 2990 ⁴²Marc.
468 2959 540 2996 24²⁸,
564 2959 606 2991 ²⁹.
