1934 3260
132 1040 180 1067 10

133 1370 179 1409 15

135 2369 185 2407 30

138 2700 190 2740 35

650 252 722 291 ET
749 253 1013 292 SUPERNA
1040 255 1381 296 MEDITANDI.
1734 269 1783 298 21

246 386 438 424 similiter
486 384 889 436 potestatem?'''1
944 386 1041 424 Non
1090 391 1234 425 autem
1284 389 1362 426 hoc
1411 388 1504 426 dico
1554 393 1600 427 ut
1642 389 1788 439 culpas

247 451 586 503 delinquentium
615 463 700 488 non
731 451 1025 501 reprehendas,
1059 453 1126 491 vel
1157 453 1463 492 dissimulando
1488 454 1785 505 parvipendas,

247 518 320 557 sed
359 531 410 556 ne
449 517 565 556 facta
603 516 864 566 singularum
902 517 1106 556 curiosius
1144 520 1404 570 explorando
1443 520 1673 559 diiudicare
1712 525 1787 560 aut

249 584 560 634 condempnare
607 595 837 633 presumas,
887 588 929 622 et
977 584 1107 622 etiam
1154 590 1202 624 ut
1250 591 1371 625 actus
1418 591 1459 625 et
1507 599 1644 625 mores
1691 591 1789 625 tuos

251 650 454 689 solicitius
498 661 628 700 quam
672 649 831 688 alienos
875 650 1141 689 discutiendo
1185 651 1425 703 investiges,
1472 657 1601 704 atque
1647 665 1792 691 omnes

251 716 491 755 occasiones
531 715 689 754 sciendi
730 720 827 754 acta
868 716 1017 762 aliena,
1061 730 1143 767 que
1184 723 1283 757 sunt
1325 731 1459 769 prava
1499 719 1709 770 colloquia
1749 723 1791 758 et

251 782 605 821 circumvolantes
630 786 828 832 aspectus
854 782 1014 821 solicite
1040 783 1216 822 devites.

250 910 318 941 DE
343 908 762 941 TACITURNITATE.
1382 911 1673 942 CAPITULUM
1700 911 1789 942 XII.

304 960 414 997 Ama
436 972 534 1009 ergo
555 958 780 997 lectionem
803 963 845 997 et
869 959 1105 998 orationem
1128 972 1177 999 ac
1200 960 1415 999 silentium
1439 961 1553 1011 quod
1576 965 1639 999 est
1663 960 1794 999 clavis

250 1026 395 1064 nutrix
425 1029 467 1064 et
498 1024 692 1063 custodia
722 1025 856 1064 totius
884 1025 1095 1076 religionis
1125 1039 1173 1065 ac
1205 1027 1394 1065 omnium
1424 1027 1648 1072 virtutum,
1681 1026 1793 1065 unde

253 1092 388 1143 (156a)
417 1091 519 1130 dicit
545 1091 698 1130 beatus
722 1091 998 1142 Augustinus,
1027 1093 1050 1106 “
1071 1092 1400 1131 fundamentum
1425 1093 1559 1132 totius
1583 1093 1794 1143 religionis

249 1163 312 1197 est
344 1158 457 1196 bona
486 1157 833 1204 taciturnitas,''2
862 1158 905 1196 id
936 1163 999 1197 est
1030 1171 1115 1197 non
1145 1159 1283 1198 invita
1313 1159 1401 1198 sive
1430 1171 1698 1198 murmurosa
1726 1159 1796 1198 vel

249 1225 472 1263 accidiosa.
529 1224 619 1263 Nec
641 1224 810 1263 aliunde
832 1225 984 1263 timeas
1007 1225 1058 1264 de
1080 1225 1266 1276 corporis
1288 1225 1509 1264 debilitate
1531 1226 1619 1264 sive
1642 1225 1794 1276 capitis

250 1291 325 1336 sui,
364 1291 465 1342 quia
500 1290 718 1329 silencium
753 1291 911 1329 nemini
946 1296 1082 1337 nocet,
1120 1292 1200 1330 nisi
1235 1292 1522 1337 murmurosis,
1561 1291 1791 1337 accidiosis,

249 1357 438 1396 verbosis
461 1361 503 1395 et
529 1356 678 1395 ociosis
701 1357 963 1408 perturbatis
986 1358 1331 1407 cogitationibus.
1391 1358 1520 1397 Crede
1543 1357 1671 1396 michi
1695 1357 1796 1408 quia

249 1423 468 1462 silencium
507 1423 735 1462 benevolos
774 1423 964 1469 adiuvat,
1007 1424 1138 1462 fessos
1175 1424 1362 1470 roborat,
1404 1428 1563 1463 mestos
1601 1423 1791 1469 letificat,

248 1490 437 1528 abiectos
489 1489 731 1535 comfortat,
786 1490 976 1528 infirmos
1028 1494 1255 1537 sustentat,
1311 1490 1530 1542 depressos
1583 1490 1792 1535 sublevat,

249 1556 461 1595 orationes
480 1556 732 1602 inflammat,
756 1556 1015 1595 meditantes
1036 1561 1153 1595 amat
1175 1561 1217 1596 et
1239 1557 1579 1608 contemplantes
1599 1556 1763 1595 exaltat
1784 1567 1791 1594 :

248 1622 361 1662 unde
387 1623 597 1673 propheta
624 1622 738 1668 dicit,
770 1622 855 1661 “in
883 1622 1052 1661 silencio
1079 1627 1120 1662 et
1148 1636 1221 1674 spe
1247 1623 1326 1662 erit
1352 1623 1562 1662 fortitudo
1580 1622 1766 1661 vestra.”
1782 1621 1798 1645 ³

249 1689 346 1727 Non
371 1689 444 1735 ait,
473 1689 496 1702 “
516 1688 785 1735 infirmitas‚”
811 1689 899 1727 sive
925 1689 947 1702 ‘¹
969 1689 1210 1728 debilitas.”
1270 1690 1326 1728 Et
1352 1690 1563 1736 Ieremias,
1591 1689 1615 1703 “
1635 1689 1796 1727 bonum

249 1760 312 1794 est
351 1755 442 1794 viro
480 1768 577 1794 cum
615 1755 851 1806 portaverit
890 1755 1036 1806 iugum
1074 1755 1247 1793 Domini
1285 1755 1340 1794 ab
1378 1755 1667 1794 adolescencia
1705 1767 1793 1793 sua.

250 1822 421 1861 Sedebit
449 1821 663 1860 solitarius
690 1826 731 1860 et
760 1821 933 1868 tacebit,
964 1821 1065 1872 quia
1091 1822 1251 1860 levavit
1280 1835 1322 1860 se
1350 1835 1474 1873 super
1502 1821 1619 1868 se,”4
1639 1820 1796 1859 scilicet

249 1893 417 1927 terrena
448 1892 490 1926 et
523 1888 709 1926 carnalia
740 1888 917 1927 viriliter
949 1888 1249 1934 conculcando,
1284 1893 1326 1927 et
1358 1888 1401 1926 in
1434 1892 1594 1927 secreto
1626 1886 1797 1925 silencio

251 1954 422 1994 celestia
458 1954 637 1993 dulciter
674 1954 936 1993 meditando.
996 1954 1138 1993 Cernis
1175 1959 1387 2006 quantum
1424 1955 1542 2005 pium
1579 1952 1797 1992 silencium

252 2021 437 2072 prodest,
475 2025 517 2059 et
553 2025 765 2072 quantum
800 2021 1118 2071 multiloquium
1154 2021 1288 2060 obest.
1348 2021 1468 2060 Certe
1504 2033 1585 2071 que
1621 2023 1798 2070 peccata

253 2100 329 2126 sua
364 2091 406 2126 et
442 2100 563 2125 suam
598 2092 780 2126 mortem
815 2087 904 2126 sive
940 2100 1070 2138 penas
1104 2087 1257 2126 inferni
1292 2087 1359 2126 vel
1394 2086 1571 2137 gloriam
1606 2090 1797 2124 eternam

254 2153 421 2193 ardenti
448 2153 590 2192 animo
617 2153 784 2192 assidue
811 2153 1087 2199 meditantur,
1117 2157 1212 2193 toto
1240 2153 1446 2192 desiderio
1473 2152 1610 2191 cordis
1637 2155 1798 2190 secreta

254 2221 346 2259 loca
378 2224 420 2259 et
454 2220 575 2259 dulce
608 2220 827 2258 silencium
859 2219 1150 2259 amantissime
1183 2221 1514 2271 amplectuntur,
1549 2222 1591 2258 et
1624 2222 1797 2257 tantum

255 2299 325 2326 eos
351 2290 549 2336 gravaret
577 2286 612 2325 si
639 2286 694 2325 ad
721 2286 932 2337 colloquia
958 2286 1026 2325 vel
1054 2291 1221 2325 terrena
1247 2286 1422 2337 negocia
1448 2286 1506 2324 ire
1534 2288 1795 2335 cogerentur,

255 2366 304 2392 ac
342 2352 376 2391 si
413 2352 469 2391 ad
506 2357 688 2392 mortem
726 2352 814 2391 sive
853 2352 984 2391 etiam
1022 2352 1077 2391 ad
1115 2365 1246 2404 penas
1283 2352 1436 2391 inferni
1474 2351 1795 2390 deducerentur.

257 2419 404 2459 Sciunt
448 2418 587 2470 (156b)
632 2419 744 2458 enim
785 2423 828 2458 et
868 2419 1112 2469 intelligunt
1153 2419 1269 2470 quod
1309 2431 1428 2457 mens
1468 2418 1560 2456 Deo
1601 2416 1799 2455 dedicata

256 2484 536 2536 multiloquiis
580 2498 629 2524 ac
671 2485 798 2524 rebus
841 2485 1018 2524 terrenis
1063 2485 1187 2524 simul
1231 2498 1328 2524 cum
1372 2484 1596 2524 celestibus
1640 2481 1798 2520 deliciis

258 2552 516 2590 mullatenus
574 2551 707 2602 possit
766 2564 854 2590 esse
912 2551 1093 2590 intenta.
1151 2552 1216 2590 Tu
1275 2564 1372 2602 ergo
1431 2562 1586 2601 sponsa
1645 2547 1799 2586 Christi

259 2617 478 2657 silencium
506 2618 691 2656 amando
720 2618 808 2656 sola
837 2622 940 2663 esto,
971 2622 1020 2656 ut
1050 2617 1126 2656 soli
1155 2617 1340 2656 Domino
1369 2616 1559 2655 omnium
1589 2627 1728 2653 serves
1756 2618 1799 2652 te

259 2684 408 2736 ipsam,
425 2697 552 2735 quem
565 2684 702 2723 solum
715 2697 767 2723 ex
781 2684 978 2722 omnibus
990 2683 1165 2734 elegisti.
1224 2684 1291 2722 An
1304 2682 1438 2722 nescis
1451 2687 1494 2721 te
1507 2680 1795 2720 verecundum

311 2811 323 2829 1
340 2811 446 2841 Bern.
469 2810 580 2841 Serm.
599 2811 638 2842 in
657 2811 763 2842 Cant.
786 2818 848 2841 XL.
901 2810 1033 2850 Migne,
1055 2810 1140 2841 P.L.
1161 2808 1413 2840 CLXXX111934.

309 2854 321 2872 ²
338 2855 425 2886 This
444 2856 642 2895 quotation
659 2856 689 2887 is
707 2858 775 2887 not
792 2856 908 2886 found
926 2855 964 2886 in
984 2855 1200 2894 Augustine.

311 2899 323 2917 ³
341 2900 410 2930 Isa.
433 2898 566 2931 XXX15.

311 2943 324 2962 4
340 2943 441 2974 Lam.
463 2943 550 2980 11127,
572 2942 603 2961 ²²
621 2952 627 2974 :
681 2944 726 2975 cf.
746 2943 835 2974 Vita
853 2942 1023 2978 Malachi‚
1044 2943 1100 2974 ed.
1122 2942 1276 2978 Lawlor,
1296 2952 1330 2983 p.
1356 2942 1396 2972 13
1415 2943 1513 2972 note.
