1934 3260
174 686 195 726 01

145 1017 193 1044 10

142 1345 189 1385 15

141 1675 188 1703 20

139 2004 186 2044 25

136 2335 185 2374 30

270 292 290 319 2
670 278 878 318 INSTRU
887 277 1014 318 CTIO
1044 279 1141 318 PIE
1167 277 1413 318 VIVENDI

267 411 377 449 Hinc
404 410 533 449 etiam
560 409 661 448 dicit
691 410 867 460 Ysayas,
898 409 1141 460 “quiescite
1168 422 1288 460 agere
1315 410 1549 460 perverse,1
1576 414 1618 448 et
1646 409 1794 449 discite

267 477 520 522 benefacere,
536 476 551 499 2
571 480 612 514 et
633 475 745 514 bona
765 476 901 514 terre3
920 475 1191 521 comedetis‚''
1213 475 1369 515 scilicet
1388 476 1431 514 in
1451 475 1630 526 gloriosa
1648 488 1794 514 mensa

267 542 479 581 felicitatis
511 546 665 580 eterne.
725 541 836 580 Hinc
867 554 1010 580 rursus
1043 542 1115 587 ait,
1153 541 1442 592 “iniquitates
1478 541 1615 593 (139b)
1651 546 1793 580 nostre

267 609 500 647 diviserunt
544 607 654 646 inter
698 620 775 645 nos
819 611 861 646 et
905 607 1044 646 Deum
1088 611 1294 653 nostrum,
1341 611 1384 646 et
1429 611 1604 658 peccata
1647 612 1793 646 nostra

266 673 578 712 absconderunt
618 673 769 712 faciem
810 673 898 712 eius
938 686 963 712 a
1002 673 1197 712 nobis.”4
1252 674 1312 713 Ut
1353 686 1450 723 ergo
1490 686 1586 712 cum
1627 673 1793 712 Christo

265 753 349 791 pax
399 740 582 790 perfecte
630 739 892 785 reformetur,
945 743 1113 790 oportet
1162 743 1211 778 ut
1261 743 1415 778 cuncta
1463 739 1573 778 vicia
1621 739 1792 777 omnino

262 806 567 856 relinquantur,
618 810 660 844 et
710 818 783 856 per
831 818 976 844 veram
1025 805 1361 856 condignamque
1410 805 1691 856 penitenciam
1741 805 1793 844 de

262 872 401 910 medio
436 871 604 922 penitus
637 876 917 910 amoveantur
951 876 1080 922 atque
1113 871 1155 909 in
1190 872 1282 922 ipsa
1315 871 1550 922 penitentia
1583 884 1715 922 usque
1748 871 1791 909 in

262 939 389 976 finem
432 938 585 977 devote
628 942 929 988 perseveretur.
986 938 1159 976 Talibus
1201 937 1337 976 modis
1378 937 1656 976 reconciliatis
1698 937 1793 988 pius

261 1004 377 1043 Deus
402 1017 549 1054 pacem
574 1008 792 1054 gratanter
818 1005 995 1043 offerens
1021 1004 1135 1049 dicit,
1166 1004 1188 1017 “
1209 1017 1293 1054 pax
1318 1003 1512 1049 vobis,’'⁵
1537 1002 1693 1042 scilicet
1719 1002 1792 1053 qui

261 1075 436 1120 peccata
464 1070 703 1121 reliquistis,
736 1082 809 1120 per
839 1083 921 1120 que
950 1070 1067 1108 velut
1097 1069 1452 1108 excommunicati
1483 1069 1537 1108 ab
1566 1069 1658 1120 ipsa
1688 1081 1791 1120 pace

260 1136 465 1174 hactenus
497 1136 648 1175 merito
681 1135 820 1174 fuistis
852 1136 1049 1187 separati.
1109 1137 1305 1174 “Pacem
1338 1148 1476 1174 meam
1510 1135 1564 1173 do
1597 1135 1790 1180 vobis,”⁶

259 1202 415 1241 scilicet
433 1202 505 1253 qui
523 1202 766 1241 benefacere
783 1202 964 1252 cepistis,
984 1214 1057 1253 per
1074 1214 1203 1252 quam
1221 1201 1398 1240 dulciter
1416 1201 1551 1240 adiuti
1568 1201 1791 1252 pacificato

259 1272 301 1307 et
339 1268 589 1319 transquillo
625 1268 767 1307 animo
804 1281 967 1319 semper
1004 1268 1059 1306 ad
1095 1268 1268 1306 meliora
1303 1267 1508 1306 indefesse
1546 1267 1788 1318 proficiatis.

261 1335 283 1348 “
305 1335 457 1372 Pacem
483 1335 675 1385 relinquo
700 1334 893 1381 vobis‚”⁷
921 1334 1078 1372 scilicet
1105 1334 1178 1385 qui
1204 1334 1246 1372 in
1275 1334 1396 1372 bonis
1423 1333 1589 1372 actibus
1616 1332 1791 1384 perfecti

259 1400 370 1446 estis,
402 1413 474 1451 per
502 1413 632 1451 quam
659 1413 805 1439 veram
833 1404 875 1439 et
903 1405 1093 1439 eternam
1121 1413 1269 1451 pacem
1297 1400 1460 1438 celestis
1489 1399 1716 1438 Ierusalem
1744 1399 1788 1437 in

260 1466 341 1505 fine
368 1467 455 1505 sine
482 1467 563 1505 fine
590 1466 871 1517 possidebitis.
930 1466 1049 1505 Certe
1076 1479 1169 1505 ecce
1197 1470 1374 1517 apparet
1401 1465 1614 1516 quomodo
1641 1469 1790 1504 sancta

259 1532 401 1571 anima
431 1545 527 1571 curn
558 1533 648 1571 Deo
679 1532 938 1583 pacificatur,
971 1545 997 1571 a
1027 1545 1111 1583 quo
1142 1537 1317 1583 peccata
1346 1532 1600 1582 relinquenti
1631 1544 1715 1582 pax
1744 1531 1788 1569 in

258 1598 640 1637 reconciliationem
666 1600 852 1644 offertur,
880 1602 923 1637 et
949 1598 1193 1637 benefacere
1218 1598 1435 1649 incipienti
1460 1598 1502 1636 in
1529 1597 1788 1636 adiutorium

258 1665 483 1710 confertur,
512 1669 554 1703 et
581 1665 623 1703 in
651 1665 771 1703 bonis
797 1664 964 1703 actibus
989 1664 1275 1715 perseveranti
1301 1664 1388 1702 sine
1415 1665 1496 1702 fine
1522 1663 1785 1714 relinquitur.

259 1731 317 1769 Ut
340 1730 468 1781 igitur
490 1731 569 1769 hac
592 1731 746 1781 triplici
769 1743 871 1782 pace
895 1730 1069 1769 feliciter
1091 1730 1234 1769 valeas
1257 1730 1488 1781 adimpleri,
1514 1730 1569 1768 ab
1592 1729 1788 1768 omnibus

257 1796 441 1847 peccatis
476 1797 698 1841 abstinere,
737 1801 778 1835 et
816 1797 936 1835 bonis
972 1796 1168 1847 operibus
1202 1797 1404 1842 insistere,
1443 1800 1572 1846 atque
1607 1795 1650 1834 in
1686 1795 1787 1846 ipsis

257 1875 389 1913 usque
414 1863 455 1901 in
482 1864 607 1901 finem
633 1876 896 1914 perseverare
922 1863 1001 1902 tibi
1026 1863 1203 1914 placeat,
1230 1867 1278 1901 ut
1303 1867 1379 1901 tuo
1404 1862 1570 1913 placeas
1594 1860 1784 1900 creatori.

258 1929 381 1979 Quod
412 1929 445 1967 si
477 1929 633 1977 feceris,
667 1942 763 1968 cum
794 1929 885 1968 Deo
916 1929 1044 1968 beata
1075 1942 1176 1979 pace
1208 1933 1249 1967 et
1282 1928 1612 1978 transquillitate
1647 1928 1781 1978 (14oa)

256 1995 410 2033 mentis
431 1995 734 2034 delectabiliter
755 1995 990 2046 perfrueris.
1049 1995 1154 2034 Cum
1176 1995 1347 2046 prelatis
1367 1994 1496 2033 etiam
1517 1994 1602 2032 tuis
1623 2005 1785 2044 semper

257 2073 403 2111 pacem
437 2061 590 2100 habere
623 2061 806 2107 studeas,
843 2061 957 2112 quod
991 2061 1162 2112 quidem
1196 2062 1280 2106 fiet,
1317 2060 1350 2099 si
1383 2060 1435 2099 de
1468 2073 1613 2099 eorum
1646 2059 1781 2105 factis,

255 2126 391 2173 dictis,
420 2127 640 2166 itineribus
667 2132 708 2166 et
736 2128 884 2166 ceteris
910 2127 989 2166 hiis
1015 2127 1220 2166 similibus
1246 2140 1329 2164 non
1358 2127 1478 2165 facile
1505 2131 1580 2164 aut
1607 2126 1785 2164 libenter

256 2193 403 2231 audias
432 2194 663 2244 loquentes,
696 2206 772 2232 nec
801 2193 893 2245 ipsa
921 2193 1120 2244 requiras,
1152 2206 1288 2243 neque
1318 2192 1473 2231 iudicia
1502 2192 1588 2231 sive
1619 2191 1784 2230 ordina-

255 2259 390 2298 tiones
409 2259 596 2310 ipsorum
616 2260 884 2310 aliquatenus
904 2259 1105 2298 diiudices
1125 2263 1200 2298 aut
1219 2255 1512 2310 reprehendas.
1571 2257 1781 2303 Similiter,

255 2325 288 2363 si
320 2325 425 2363 bene
457 2330 498 2365 et
530 2326 765 2364 sublimiter
796 2325 953 2365 sentias
985 2325 1035 2364 de
1067 2325 1179 2376 ipsis,
1214 2329 1255 2364 et
1288 2325 1329 2363 in
1363 2324 1477 2363 omni
1509 2323 1780 2368 subiectione,

254 2391 506 2438 humilitate,
536 2392 777 2430 obedientia
803 2396 844 2431 et
871 2391 1107 2430 reverentia
1133 2391 1190 2430 eis
1217 2391 1370 2429 devote
1398 2390 1640 2436 subiiciaris,
1669 2402 1721 2427 ne
1749 2388 1783 2427 si

255 2457 296 2494 in
326 2457 467 2508 aliquo
495 2458 537 2496 in
566 2458 667 2509 ipsis
695 2458 876 2504 resistas,
908 2470 1055 2508 pacem
1084 2462 1205 2496 tuam
1235 2457 1409 2495 amittas
1437 2461 1479 2495 et
1510 2455 1777 2507 perturberis,

252 2527 383 2573 atque
414 2524 516 2570 Deo,
550 2537 575 2562 a
605 2537 690 2575 quo
720 2529 783 2564 est
815 2524 950 2562 omnis
980 2528 1181 2575 potestas
1215 2524 1331 2561 velut
1362 2522 1561 2573 insipiens
1590 2521 1781 2561 resistere

303 2682 317 2701 ¹
336 2684 378 2714 Is.
405 2691 417 2712 1
442 2683 479 2715 ¹⁶.

304 2726 317 2745 ²
336 2728 379 2758 Is.
405 2735 416 2756 1
440 2727 478 2759 ¹⁷.

304 2770 318 2789 3
336 2772 379 2802 ls.
404 2779 415 2800 1
439 2771 479 2804 ¹⁹.

303 2814 318 2832 ‘²
335 2816 378 2846 Is.
402 2823 469 2846 Lix
490 2814 523 2846 ²:
547 2826 731 2856 pronouns
753 2818 890 2848 altered
912 2818 1004 2848 from
1026 2817 1096 2847 2nd
1118 2820 1156 2847 to
1182 2817 1234 2846 lst
1253 2825 1395 2856 person.

303 2858 434 2890 ⁵10an.
462 2868 519 2890 XX
542 2859 583 2890 ¹⁹.

305 2902 318 2920 ⁶
336 2904 432 2934 Ioan.
462 2911 530 2934 xlv
553 2903 592 2936 ²⁷.

305 2947 317 2965 ⁷
335 2948 433 2978 Ioan.
458 2956 526 2978 XIV
545 2946 584 2980 ²⁷.

1923 2861 1934 3118 ›mmss-*u
1929 2829 1934 2838 c
1931 2807 1934 2815 ..
1933 2787 1934 2790 „
