2001 3250
106 976 150 1003 10

94 1634 144 1662 20

86 2315 137 2352 30

85 2643 133 2682 35

219 242 270 293 98
614 240 953 281 INSTRL'CTIO
979 241 1073 280 PIE
1096 239 1336 279 VIVENDI

218 373 484 423 singulariter
532 377 576 411 te
625 372 833 411 zelantem
883 372 1047 411 dulcius
1096 372 1362 423 amplectere,
1414 371 1506 409 aliis
1556 370 1752 410 omnibus

217 439 386 477 relictis.
447 438 586 489 (221b)
630 438 919 476 Duodecimo:
964 438 1064 488 quia
1106 450 1178 489 per
1219 450 1339 476 suam
1382 437 1620 475 bonitatem
1660 437 1752 476 vita

219 509 365 543 eterna
382 504 462 543 tibi
479 508 543 542 est
562 508 801 554 preparata,
822 503 856 542 si
873 503 915 542 in
935 504 1120 554 presenti
1136 504 1323 553 religiose
1343 503 1470 542 fueris
1487 507 1753 544 conversata.

222 571 312 609 Has
337 574 481 608 autem
508 569 722 608 bonitates
747 575 790 608 et
816 569 895 608 hiis
921 569 1087 616 similes,
1115 582 1222 620 quas
1246 570 1325 608 tibi
1351 569 1560 607 Dominus
1585 568 1684 608 fecit
1709 573 1752 608 et

222 636 336 682 facit,
389 635 498 674 sicut
546 639 596 673 tu
645 635 793 674 melius
843 635 955 673 nosti
1002 635 1260 674 incessanter
1308 635 1346 675 ei
1394 634 1663 685 regratiando
1711 635 1754 673 in

222 701 484 740 orationibus
520 701 606 740 tuis
641 700 872 751 recogitare
908 701 1075 740 teneris.
1135 702 1326 740 Predicte
1363 706 1507 740 autem
1544 705 1585 739 et
1623 701 1756 739 multe

222 767 301 806 alie
327 780 434 818 quas
458 766 538 806 tibi
563 766 772 805 Dominus
798 767 897 805 fecit
923 771 965 805 et
993 767 1146 806 cotidie
1174 768 1275 806 facit
1302 767 1528 812 bonitates
1558 767 1591 805 si
1618 767 1756 818 placet

221 833 276 872 ad
316 838 500 884 quatuor
538 833 808 878 reducantur,
851 832 1007 871 scilicet
1048 833 1316 879 creationem,
1357 833 1672 878 recreationem,
1713 833 1756 871 in

222 900 405 950 peccatis
434 899 799 937 conversationem
826 903 869 937 et
898 899 1072 948 gloriam
1102 899 1311 938 celestem.
1370 900 1436 937 Ex
1466 899 1544 937 hiis
1573 903 1757 950 quatuor

220 965 377 1004 lectum
413 977 588 1003 suavem
624 969 666 1003 et
703 964 995 1003 delectabilem
1021 964 1099 1003 tibi
1125 978 1366 1015 componas,
1401 965 1441 1002 in
1468 977 1552 1015 quo
1577 964 1755 1003 dulciter

219 1036 261 1070 et
290 1031 468 1069 iocunde
496 1030 759 1081 requiescas:
792 1030 907 1081 quod
936 1030 970 1068 si
998 1030 1144 1069 feceris
1172 1032 1223 1069 de
1253 1031 1449 1069 omnibus
1477 1030 1684 1080 angustiis
1711 1034 1754 1069 et

218 1096 554 1142 necessitatibus,
597 1109 703 1147 quas
743 1096 925 1147 perferre
966 1097 1165 1147 potueris,
1208 1110 1428 1147 nunquam
1469 1096 1754 1135 murmurabis

218 1168 293 1202 aut
346 1163 388 1201 in
442 1163 586 1213 aliquo
638 1162 968 1201 contristaberis.
1027 1162 1226 1202 Similiter
1279 1163 1330 1201 de
1384 1162 1581 1201 omnibus
1631 1162 1753 1200 bonis

218 1229 426 1280 operibus,
469 1241 720 1279 quecunque
761 1228 919 1274 feceris,
962 1241 1183 1279 nunquam
1224 1233 1267 1268 te
1309 1229 1485 1267 extolles
1525 1233 1601 1267 aut
1642 1240 1752 1267 vane

215 1294 470 1345 gloriaberis,
499 1307 599 1333 nam
627 1295 661 1333 si
686 1295 766 1333 hoc
792 1295 929 1333 facere
955 1295 1150 1341 volueris,
1179 1295 1251 1333 illa
1278 1308 1353 1346 pro
1380 1295 1502 1333 bonis
1528 1298 1603 1333 aut
1630 1294 1753 1333 malis

215 1374 406 1412 unquam
433 1361 653 1411 insurgant
681 1360 942 1412 respiciendo
969 1361 1024 1399 ad
1051 1361 1191 1412 pedes,
1221 1361 1265 1400 id
1292 1366 1356 1400 est
1385 1360 1653 1406 creationem,
1683 1360 1752 1398 vel

216 1427 271 1465 ad
299 1427 531 1473 dexteram,
561 1426 605 1465 id
633 1431 696 1465 est
724 1427 767 1464 in
796 1426 981 1477 peccatis
1008 1427 1385 1472 conversationem,
1416 1431 1491 1466 aut
1519 1426 1575 1465 ad
1603 1430 1746 1477 caput,

215 1492 259 1531 id
295 1497 359 1531 est
396 1492 571 1543 gloriam
609 1493 817 1538 celestem,
856 1505 1023 1531 necesse
1060 1498 1124 1532 est
1161 1498 1210 1532 ut
1249 1493 1409 1535 statim,
1449 1492 1567 1531 velut
1605 1492 1748 1531 furnus

214 1559 504 1598 evanescendo
562 1558 796 1598 discedant.
854 1559 1076 1609 Quomodo
1134 1559 1246 1598 enim
1305 1559 1356 1598 de
1416 1558 1748 1597 adversitatibus

213 1625 468 1670 contristari,
494 1624 581 1663 sive
606 1625 657 1663 de
682 1624 1034 1675 prosperitatibus
1057 1625 1225 1675 gloriari
1248 1625 1418 1676 poteris,
1445 1625 1479 1663 si
1502 1624 1557 1663 ad
1580 1625 1657 1663 has
1680 1624 1748 1663 vel

213 1690 267 1729 ad
287 1691 474 1742 aliquam
494 1691 645 1729 harum
665 1690 910 1729 bonitatum
931 1691 1151 1741 diligenter
1182 1691 1394 1742 aspexeris
1413 1691 1428 1729 ?
1465 1691 1601 1742 (222a)
1626 1689 1747 1729 Certe

212 1756 377 1795 videbis
400 1756 515 1808 quod
538 1769 662 1795 nemo
684 1756 727 1794 in
752 1756 936 1807 presenti
958 1756 1050 1796 vita
1074 1770 1150 1807 pro
1173 1770 1248 1795 suo
1272 1770 1392 1808 posse
1416 1761 1588 1796 tantum
1611 1756 1744 1807 possit

209 1822 345 1861 facere
373 1827 448 1862 aut
477 1823 682 1861 sustinere
710 1827 758 1861 ut
787 1822 843 1861 ad
869 1835 940 1861 eas
967 1823 1172 1873 condigne
1200 1823 1342 1862 valeat
1369 1822 1635 1874 respondere.

210 1949 277 1979 DE
305 1949 607 1981 GRATIARUM
636 1949 853 1981 ACTIONE
882 1950 944 1981 ET

210 1993 486 2024 DESIDERIO
516 1994 749 2025 CELESTIS
778 1994 978 2025 GLORIE.
1324 1994 1614 2025 CAPITULUM
1643 1992 1743 2024 LIX.

264 2042 399 2092 Igitur
439 2047 504 2082 tot
546 2043 758 2081 beneficiis
798 2042 1018 2093 diligenter
1059 2048 1101 2082 et
1141 2043 1305 2082 intente
1345 2043 1627 2087 considerans,
1670 2054 1743 2093 pre

207 2107 339 2147 nimia
372 2108 653 2147 admiratione
688 2113 809 2147 tante
844 2108 1050 2148 bonitatis
1085 2109 1165 2147 Dei
1199 2109 1253 2148 ad
1288 2109 1521 2159 gratiarum
1556 2107 1744 2147 actiones

207 2173 361 2213 devote
386 2175 625 2213 referendas
650 2179 868 2225 gratanter
893 2175 1144 2220 accenderis,
1172 2180 1215 2214 et
1240 2175 1335 2214 ideo
1360 2176 1478 2214 velut
1505 2173 1744 2225 parturiens

207 2240 310 2278 totis
354 2241 548 2279 medullis
593 2241 730 2279 cordis
775 2240 1062 2280 desideranter
1107 2241 1376 2287 exclamabis,
1427 2242 1449 2255 “
1470 2242 1505 2280 O
1553 2239 1742 2279 Piissime

206 2305 332 2351 Deus,
367 2306 469 2357 quid
499 2307 732 2345 retribuam
763 2306 842 2346 tibi
873 2320 949 2357 pro
979 2307 1176 2345 omnibus
1206 2307 1286 2345 hiis
1316 2312 1358 2346 et
1389 2306 1481 2345 aliis
1510 2305 1742 2344 innumeris

205 2371 428 2418 beneficiis,
463 2385 544 2423 que
577 2377 667 2411 tam
700 2372 878 2423 copiose,
914 2377 1004 2411 tarn
1037 2372 1213 2423 gloriose
1245 2378 1335 2412 tam
1368 2372 1589 2422 magnifice
1620 2371 1741 2411 retri-

205 2437 335 2476 buisti
369 2442 412 2477 et
447 2438 601 2477 cotidie
635 2438 834 2477 retribuis
867 2439 1029 2477 michi?
1090 2439 1271 2477 Domine
1305 2439 1511 2490 responde
1547 2450 1623 2489 pro
1657 2450 1737 2484 me,

203 2503 406 2554 quoniam
442 2504 497 2542 ad
534 2505 610 2543 hec
646 2517 730 2543 non
768 2517 940 2555 possum
979 2505 1259 2556 ‘respondere
1295 2517 1428 2543 unum
1466 2517 1541 2555 pro
1579 2503 1741 2542 mille.’1

204 2569 271 2608 Ad
309 2574 433 2608 tanta
470 2582 654 2621 namque
692 2571 895 2609 beneficia
933 2571 1060 2609 michi
1098 2571 1267 2621 indigne
1305 2575 1347 2609 et
1388 2569 1612 2622 peccatrici
1649 2574 1740 2608 tam

204 2635 472 2674 abundanter
498 2636 663 2681 collata,
691 2636 934 2675 nullatenus
959 2636 1119 2675 sufficio
1145 2637 1350 2687 condigne
1375 2636 1639 2687 respondere,
1667 2635 1741 2674 sed

204 2701 319 2752 quod
360 2701 487 2739 michi
528 2702 595 2740 vel
637 2701 762 2740 alicui
803 2702 965 2740 homini
1005 2707 1068 2741 est
1112 2702 1381 2753 impossibile,
1437 2701 1516 2741 tibi
1558 2701 1635 2739 soli
1676 2704 1740 2740 est

204 2767 411 2818 possibile,
452 2767 518 2805 cui
555 2767 699 2806 subest
737 2781 833 2806 cum
870 2768 1053 2806 volueris
1090 2781 1223 2819 posse.
1271 2769 1306 2807 O
1330 2766 1742 2806 misericordissime²

250 2849 262 2868 ¹
278 2849 346 2881 Iob
369 2848 442 2880 1x³.

251 2893 264 2912 ²
279 2895 384 2925 Bern.
407 2893 517 2925 Serm.
537 2895 581 2926 de
602 2894 683 2925 Div.
708 2893 821 2929 xxuss,
843 2894 974 2931 Migne,
996 2894 1079 2925 P.L.
1101 2894 1347 2925 C1,xxx111⁵⁹⁸.
