1934 3260
109 1010 155 1039 10

111 1339 159 1380 15

113 1673 161 1702 20

116 2002 165 2043 25

117 2336 165 2375 30

613 263 686 302 ET
724 263 990 303 SUPERNA
1028 264 1369 304 MEDITANDI.
1706 275 1755 302 11

223 396 378 436 mentis
411 399 475 435 est
509 395 612 434 dure
645 398 810 434 corruet
845 394 888 433 in
922 395 1126 441 malum,1
1158 396 1202 434 id
1235 401 1299 435 est
1334 410 1407 448 per
1440 396 1682 447 superbiam
1715 395 1758 433 in

221 462 375 502 inferni
429 461 702 513 profundum.
760 460 828 500 Ad
882 461 1100 500 meridiem
1156 462 1347 501 similiter
1402 463 1511 509 vide,
1569 467 1760 502 eternam

223 529 463 568 claritatem
487 532 530 567 et
557 527 727 567 celestia
752 526 908 578 gaudia
934 527 1251 575 considerando,
1281 542 1362 580 que
1389 542 1486 580 pax,
1516 541 1597 580 que
1623 532 1760 567 trans-

224 595 424 648 quinitas,
463 607 546 646 que
582 593 797 640 securitas,
838 606 920 644 que
956 593 1097 633 leticia
1134 594 1188 633 sit
1226 595 1384 634 sanctis
1421 600 1463 634 et
1501 594 1644 634 electis
1682 594 1761 634 Dei

224 662 370 701 sedula
427 665 570 700 mente
626 659 898 699 revolvendO.
957 660 1048 711 Que
1106 660 1140 699 si
1198 661 1390 712 diligenti
1447 661 1568 700 oculo
1626 660 1764 699 cordis

224 727 499 780 prospexeris,
532 731 638 778 puto
669 726 785 778 quod
815 725 870 765 ad
900 739 950 764 ea
980 730 1075 765 tota
1105 727 1260 766 mentis
1289 728 1526 767 intentione
1557 726 1765 778 aspirabis

225 794 379 840 dicens,
405 794 428 808 “
448 806 579 845 quam
599 793 754 832 dilecta
773 792 1051 832 tabernacula
1070 797 1148 832 tua
1171 793 1310 846 (147b)
1334 794 1516 832 Domine
1536 793 1760 839 virtutum,

224 860 484 912 concupiscit
508 864 551 899 et
574 859 745 898 defieit2
768 859 912 898 anima
934 872 1030 898 mea
1052 859 1096 898 in
1120 860 1231 899 atria
1254 860 1470 906 Domini‚''
1484 861 1500 884 ³
1522 864 1564 898 et
1591 860 1614 873 “
1634 871 1764 910 quam

224 940 380 978 magna
419 925 653 965 multitudo
693 925 927 964 dulcedinis
966 929 1052 972 tue,
1096 926 1289 973 Domine,
1333 939 1464 978 quam
1504 925 1765 964 abscondisti

223 993 475 1034 timentibus
503 992 620 1039 te,”4
648 996 691 1031 et
722 991 937 1043 “quando
966 992 1137 1031 veniam
1164 997 1208 1032 et
1237 993 1452 1044 apparebo
1481 997 1581 1031 ante
1610 992 1764 1030 faciem

224 1060 398 1099 Domini
416 1060 464 1098 ?''
479 1060 494 1083 ⁵
577 1059 620 1099 Si
634 1059 711 1097 hec
725 1059 788 1097 ita
802 1058 1051 1097 meditando
1067 1058 1302 1098 desiderare
1318 1059 1525 1110 incepisti,
1542 1070 1764 1109 nunquam

225 1127 276 1166 de
313 1126 428 1165 duris
462 1125 690 1172 laboribus,
728 1138 951 1176 nunquam
987 1125 1038 1164 de
1073 1125 1214 1164 nimiis
1249 1126 1425 1172 ieiuniis,
1465 1125 1516 1164 de
1552 1125 1764 1176 gravitate

225 1193 395 1239 silencii,
456 1192 507 1231 de
565 1191 777 1231 diuturnis
834 1191 987 1242 vigiliis
1044 1191 1132 1231 sive
1190 1192 1241 1231 de
1299 1192 1447 1231 ceteris
1503 1191 1766 1242 regularibus

226 1259 511 1299 observanciis
546 1258 664 1297 velut
701 1258 998 1309 conquerendo
1034 1258 1243 1309 affligeris,
1282 1259 1356 1297 sed
1391 1271 1441 1297 ea
1477 1271 1552 1309 pro
1589 1257 1766 1295 minimo

224 1330 421 1377 respectu
450 1325 561 1363 illius
592 1337 756 1363 summe
786 1324 927 1375 regule
957 1325 1189 1375 reputabis.
1276 1325 1476 1376 Legitur⁶
1506 1324 1618 1363 enim
1650 1323 1766 1374 quod

228 1393 358 1432 Iacob
385 1405 461 1443 pro
490 1391 650 1430 Rachel
677 1395 841 1442 septem
869 1390 991 1429 annis
1018 1391 1205 1437 servivit,
1236 1395 1279 1430 et
1306 1390 1564 1430 videbantur
1591 1390 1650 1428 illi
1678 1389 1767 1428 dies

229 1459 354 1511 pauci
395 1471 469 1510 pre
511 1457 665 1496 amoris
706 1457 1013 1508 magnitudine.
1072 1458 1107 1497 O
1152 1457 1186 1496 si
1226 1457 1285 1496 illi
1327 1470 1479 1509 parum
1521 1461 1596 1495 aut
1638 1455 1767 1494 nichil

228 1525 456 1565 videbatur
480 1523 684 1576 quicquid
707 1523 774 1562 die
799 1536 848 1562 ac
872 1528 997 1563 nocte
1020 1523 1064 1562 in
1088 1523 1239 1574 frigore
1263 1524 1331 1563 vel
1355 1523 1503 1562 ardore
1528 1522 1766 1562 sustinebat

230 1605 307 1644 pro
365 1590 629 1642 corruptibili
685 1590 870 1636 muliere,
934 1590 1148 1642 quomodo
1206 1603 1291 1629 non
1346 1590 1507 1641 magis⁷
1566 1588 1768 1628 sustineri

231 1659 374 1698 omnia
403 1657 560 1697 debent
590 1669 841 1709 quecunque
871 1660 1049 1708 possunt
1079 1657 1310 1708 excogitari
1340 1657 1519 1695 adversa
1548 1660 1591 1695 et
1621 1655 1768 1706 gravia

231 1738 307 1778 pro
337 1724 611 1776 adipiscenda
639 1723 710 1762 illa
739 1723 870 1774 gloria
900 1723 1106 1762 claritatis
1135 1723 1311 1762 eterne?
1372 1723 1568 1761 Defleant
1598 1726 1769 1772 tempus

232 1797 275 1831 et
293 1804 390 1831 suos
407 1791 496 1829 dies
512 1790 698 1842 perversi
715 1794 757 1829 et
775 1794 1017 1841 peccatores
1034 1789 1150 1841 quod
1167 1790 1277 1828 male
1294 1789 1479 1828 vivendo
1496 1792 1765 1833 consumunt,

232 1859 333 1911 quia
368 1862 532 1909 quanto
569 1856 663 1908 plus
698 1856 865 1903 vivunt,
904 1860 1028 1895 tanto
1065 1856 1267 1895 maiorem
1304 1855 1654 1907 dampnationem
1690 1853 1770 1892 sibi

232 1925 472 1976 acquirunt.
532 1923 640 1962 Iusti
672 1935 773 1961 vero
805 1927 848 1961 et
882 1922 1120 1973 penitentes
1152 1922 1367 1973 gaudeant
1400 1926 1442 1961 et
1476 1922 1660 1960 letentur
1694 1932 1770 1971 pro

233 1996 424 2042 ternpore
474 1994 517 2029 et
567 1989 716 2028 diebus
765 1988 921 2040 quibus
970 1989 1038 2027 hic
1088 1988 1363 2035 humiliando,
1416 1988 1522 2027 bene
1571 1986 1768 2032 vivendo,

234 2057 515 2110 penitentiam
539 2055 703 2107 agendo
727 2059 770 2094 et
794 2059 935 2094 cetera
956 2054 1408 2107 incom-(148a)-moda
1432 2054 1499 2106 pie
1523 2052 1772 2093 sustinendo

235 2124 495 2175 affliguntur,
532 2123 633 2174 quia
666 2125 831 2174 quanto
865 2121 960 2173 plus
993 2121 1082 2160 dies
1116 2125 1159 2161 et
1193 2134 1339 2161 eorum
1372 2121 1473 2160 anni
1506 2120 1772 2172 protelantur

235 2195 277 2231 et
306 2190 657 2241 multiplicantur,
687 2192 812 2228 tanto
840 2187 976 2239 magis
1003 2200 1162 2227 merces
1189 2192 1233 2227 et
1260 2188 1392 2239 gloria
1419 2199 1565 2226 eorum
1593 2190 1772 2236 augetur

234 2262 278 2298 et
323 2256 578 2303 cumulatur,
626 2255 683 2294 ad
727 2267 858 2307 quam
903 2267 1002 2293 cum
1047 2254 1091 2294 in
1128 2255 1211 2294 fine
1246 2254 1495 2306 pervenient
1538 2252 1773 2304 gaudentes

235 2329 278 2364 et
318 2323 562 2363 exultantes
602 2321 757 2368 dicent,
784 2322 807 2336 “
845 2321 967 2360 letati
1008 2334 1154 2360 sumus
1195 2334 1271 2372 pro
1312 2320 1461 2359 diebus
1501 2319 1656 2371 quibus
1695 2330 1773 2356 nos

234 2389 480 2436 humiliasti,
510 2388 632 2428 annis
658 2387 814 2440 quibus
839 2387 1026 2427 vidimus
1052 2387 1238 2434 mala,'’⁸
1264 2391 1307 2431 et
1336 2388 1360 2401 ‘¹
1379 2386 1557 2426 transiet
1585 2385 1702 2424 dolor
1729 2387 1772 2423 et

234 2457 418 2509 gemitus
437 2459 480 2495 et
500 2455 673 2494 venient
693 2454 737 2493 in
758 2455 872 2506 Syon
892 2453 1127 2505 gaudentes
1147 2458 1190 2494 et
1209 2453 1351 2494 leticia
1371 2453 1628 2504 sempiterna
1649 2462 1772 2501 super

235 2523 379 2575 capita
429 2521 648 2561 eorum.''⁹
703 2521 739 2561 O
792 2520 827 2560 si
878 2520 955 2560 hec
1010 2520 1189 2559 fideliter
1246 2519 1509 2559 considerare
1566 2516 1762 2563 volueris,

282 2628 296 2648 ²
310 2630 417 2661 Prov.
443 2635 576 2658 Xxvm
597 2626 639 2660 1⁴.

283 2672 296 2692 ²
310 2674 376 2706 MS,
400 2672 550 2705 defficit.

283 2717 445 2750 ³Psalm.
473 2723 636 2747 LXXXIII
663 2714 719 2752 1,2,

283 2761 435 2794 ⁴²Psalm
457 2769 549 2791 XXX
569 2759 613 2792 2⁰.

285 2805 298 2825 ⁵
312 2807 436 2838 Psalm
459 2813 525 2835 XLI
546 2804 571 2835 ³.

285 2849 402 2882 ⁶Gen.
433 2857 540 2880 XX1X
565 2847 607 2880 ²⁰.

286 2894 298 2913 ⁷
314 2895 380 2926 Ms.
401 2895 492 2926 adds
511 2903 596 2925 non.

288 2939 301 2959 ⁸
316 2940 373 2971 Ps.
398 2945 562 2969 LXXXIX
584 2935 624 2968 1⁵.
911 2933 924 2953 ⁹
942 2934 990 2968 Is.
1015 2941 1052 2964 L1
1076 2932 1116 2971 11,
1145 2942 1262 2964 XXXV
1286 2933 1329 2966 1⁰.
