2001 3250
79 998 127 1026 10

81 1326 130 1366 15

565 259 637 298 ET
666 258 937 298 SL'PERNA
963 258 1313 298 MEDITANDl.
1639 263 1716 302 22¹)

191 396 289 430 tusa
319 391 374 429 do
404 389 681 429 smuaineadh
711 402 766 427 na
796 389 938 427 neithe
969 401 1014 427 ss)
1045 402 1093 428 co
1124 389 1191 435 sir,
1224 402 1326 439 agiis
1356 389 1390 427 is
1421 389 1495 427 toil
1525 389 1634 426 leam
1665 389 1719 426 do

190 456 464 495 mharthainn
509 468 616 494 anns
661 468 716 493 na
761 454 955 493 neithibh
1001 467 1046 494 so
1091 459 1154 494 tre
1202 455 1355 494 bhithu
1401 454 1467 497 sir,
1516 466 1619 503 agus
1665 454 1719 492 do

190 522 527 574 ghairdiughadh
563 521 617 560 do
653 520 800 559 bheith
835 520 1010 559 conaich
1043 521 1211 567 inndtu,
1249 534 1351 571 agus
1387 520 1719 569 esmihairlighim

191 589 321 628 daibh
339 602 364 628 a
382 588 720 639 ngradhughadh
739 600 786 626 co
806 586 943 624 h—inill
960 587 1240 626 marthanach
1259 600 1306 625 co
1326 586 1457 635 nuigi1
1479 599 1531 624 an
1552 586 1720 624 chrioch

191 655 474 706 ndeighinigh.
531 655 647 704 Agus
682 652 903 703 guidhmid
938 653 974 691 le
1012 653 1140 692 cheile
1178 653 1273 698 Dia,
1304 651 1631 691 Tinnlaictheoir
1666 664 1723 690 na

193 721 428 760 Maitheasa
462 720 548 766 uili,
569 732 617 758 co
652 720 884 769 faghbham
918 731 1044 758 araen
1078 732 1126 758 co
1161 719 1294 757 buidh
1329 732 1383 757 an
1419 719 1460 756 ni
1495 717 1721 756 iarramaid

194 801 297 839 agus
329 818 1086 827 ...................
1119 798 1166 824 co
1233 784 1464 824 ndubhairt
1533 783 1722 822 Bernard

193 855 348 893 naemh
384 854 530 892 orrtha
565 865 623 898 so,
662 852 778 890 Deus
814 851 932 890 cuius
969 851 1253 890 misericordia
1288 864 1372 889 non
1410 856 1472 889 est
1510 862 1721 895 numerus,

195 921 343 959 adesto
378 919 500 958 nobis
534 918 695 957 miseris
731 918 1060 956 misericordiam
1095 922 1216 956 tuam
1252 917 1318 968 pie
1355 916 1624 967 poscentibus
1660 920 1722 961 ut,

195 987 302 1026 sicut
329 986 452 1024 beate
478 985 608 1023 Marie
634 984 880 1035 Magdalene
905 984 1220 1022 lacrimabiliter
1246 984 1372 1034 pedes
1397 988 1493 1021 tuos
1518 981 1722 1020 osculanti

195 1053 392 1092 universa
456 1051 610 1090 delicta
673 1063 746 1089 seu
809 1055 984 1101 peccata
1046 1050 1256 1095 remisisti,
1321 1050 1466 1100 itaque
1530 1047 1726 1086 omnibus

195 1118 495 1170 iniquitatibus
524 1117 679 1156 nostris
710 1117 1032 1155 misericorditer
1064 1117 1257 1161 dimissis,
1289 1116 1331 1154 in
1364 1120 1438 1154 tua
1470 1128 1545 1153 nos
1574 1114 1726 1164 iugiter

197 1185 419 1225 dilectione
458 1196 703 1223 conservare
742 1183 935 1233 digneris,
976 1183 1049 1234 qui
1086 1183 1196 1221 vivis
1234 1187 1275 1221 et
1314 1194 1462 1231 regnas
1501 1193 1597 1219 cum
1635 1181 1727 1218 Deo

199 1254 324 1291 Patre
340 1252 383 1289 in
401 1251 566 1290 unitate
585 1250 756 1301 spiritus
774 1250 921 1295 sancti,
941 1250 1056 1288 Deus
1075 1262 1146 1300 per
1163 1248 1305 1288 omnia
1322 1248 1459 1286 secula
1477 1247 1724 1285 seculorum.

197 1320 343 1357 Amen.

246 1434 259 1454 1
276 1435 340 1466 Ms.
361 1433 529 1465 connuici
