1934 3260
50 904 97 931 10

49 1568 97 1596 20

163 283 302 342 (1383)
337 281 756 315 PREFACIUNCULA
785 283 1061 323 SEQUENTIS
1091 284 1281 316 OPERIS.

221 365 434 418 Quoniam
456 364 499 403 in
522 363 632 403 felici
654 365 871 416 captione1
892 366 1066 404 Domini
1088 379 1182 405 sum
1204 367 1391 406 reclusus
1413 371 1454 406 et
1479 367 1719 406 adinvicem

161 432 279 484 loqui
315 444 401 470 non
437 430 641 476 valemus,
680 431 906 482 diligenter
941 433 1167 482 procuravi
1203 433 1419 484 quomodo
1455 433 1720 471 commodius

163 504 206 539 et
233 497 444 538 salubrius
470 497 735 535 consolemur
761 510 891 548 quam
918 498 952 536 si
976 499 1252 549 corporaliter
1278 504 1494 550 presentes
1518 512 1717 538 essemus

165 565 208 606 Si
248 564 361 604 enim
402 562 634 614 aliquando
675 576 752 602 nos
794 564 953 614 pariter
993 564 1139 604 adesse
1180 565 1336 611 liceret,
1380 566 1426 604 id
1466 566 1601 604 rarius
1631 565 1719 604 fieri

166 634 394 683 oporteret,
435 633 478 668 et
516 629 695 668 forsitan
733 629 904 669 brevius
941 643 1071 681 quam
1109 631 1216 670 alter
1252 636 1496 671 nostrorum
1534 636 1717 682 optaret.

167 697 331 737 Idcirco
381 695 584 746 descripsi
634 695 715 734 tibi
764 696 874 734 hanc
923 696 1097 735 brevem
1147 697 1220 736 sed
1270 697 1305 736 si
1354 698 1521 737 iudicas
1571 698 1722 736 utilem

165 762 493 803 instructionem
536 761 603 812 pie
647 762 822 801 vivendi
865 767 907 802 et
952 776 1135 814 superna
1178 764 1428 810 meditandi,
1476 777 1549 815 per
1592 776 1723 814 quam

165 843 252 869 non
275 828 462 868 breviter
485 832 560 866 aut
584 841 691 873 rar0,
718 828 792 867 sed
816 829 1187 880 quocienscunque
1212 830 1395 869 volueris
1418 834 1492 869 aut
1517 829 1724 880 placueris

166 897 317 947 loquar
332 895 412 934 tibi
433 907 440 933 2
458 894 500 932 in
518 907 603 945 qua
620 894 843 945 diligenter
859 895 893 934 si
909 895 1110 941 advertis,
1130 896 1288 947 poteris
1303 896 1493 935 invenire
1509 896 1724 947 quomodo

167 962 341 1015 pacifice
375 961 680 1012 circumspecte
714 966 756 1000 et
791 961 1038 1001 obedienter
1072 962 1228 1001 debeas
1261 963 1418 1009 vivere,
1454 975 1592 1001 mores
1626 967 1724 1001 tuos

167 1029 366 1068 decenter
403 1027 634 1066 informare
673 1032 715 1066 et
754 1041 901 1067 sensus
938 1033 1029 1067 tam
1068 1029 1298 1068 exteriores
1336 1042 1466 1080 quam
1503 1028 1724 1068 interiores

167 1094 381 1146 sapienter
424 1093 652 1139 custodire,
700 1094 827 1133 fidem
871 1095 1127 1134 catholicam
1172 1095 1348 1134 firmiter
1391 1100 1547 1141 tenere,
1594 1099 1636 1134 et
1680 1094 1723 1133 in

168 1161 366 1201 omnibus
410 1160 512 1199 locis
556 1160 788 1211 prudenter
832 1165 875 1200 te
920 1161 1087 1207 habere,
1136 1161 1286 1201 beatos
1330 1162 1504 1200 celestes
1549 1161 1723 1212 spiritus

167 1232 210 1268 et
263 1239 409 1266 omnes
462 1230 634 1265 sanctos
686 1227 912 1278 dignanter
964 1227 1188 1279 inquirere,
1244 1228 1476 1267 essenciam
1529 1227 1723 1266 divinam

167 1293 450 1345 contemplari
474 1292 681 1339 deliciose,
709 1293 761 1332 de
787 1293 1001 1333 beneficiis
1027 1294 1108 1333 tibi
1132 1307 1157 1332 a
1182 1295 1274 1333 Deo
1300 1294 1464 1333 collatis
1489 1293 1724 1344 gratiarum

167 1360 358 1400 actiones
401 1359 661 1398 incessanter
705 1360 859 1399 referre
904 1364 946 1399 et
992 1364 1184 1399 eternam
1229 1360 1480 1399 felicitatem
1525 1360 1724 1398 ardenter

167 1426 418 1466 desiderare.
478 1425 573 1464 Hiis
594 1438 693 1476 ergo
716 1426 1010 1477 spiritualibus
1033 1426 1254 1477 colloquiis
1277 1427 1331 1465 ad
1354 1427 1528 1477 plenum
1549 1426 1722 1471 refecta,

168 1492 430 1544 corporalem
448 1492 531 1531 mei
549 1492 808 1543 presentiam
826 1492 1004 1531 ulterius
1021 1492 1232 1543 inquirere
1250 1493 1337 1531 noli
1358 1493 1498 1543 (138b)
1520 1492 1724 1543 quoniam

168 1559 319 1599 melius
356 1563 431 1597 aut
469 1558 680 1597 efficacius
717 1558 797 1597 tibi
834 1559 1079 1598 nullatenus
1117 1572 1289 1610 possum
1327 1559 1445 1610 loqui
1483 1572 1612 1609 quam
1651 1558 1721 1603 sic,

169 1630 218 1665 ut
249 1625 292 1664 in
324 1637 466 1664 amore
498 1625 563 1664 tui
593 1625 826 1664 dulcissimi
857 1625 1001 1676 sponsi
1033 1626 1188 1664 Christi
1222 1626 1317 1664 Iesu
1349 1625 1550 1664 continue
1582 1625 1727 1663 valeas

168 1691 377 1732 renovari.
435 1691 562 1730 Nunc
595 1704 692 1742 ergo
725 1692 937 1731 instanter
970 1705 1122 1743 supero
1156 1692 1236 1731 tibi
1268 1697 1316 1730 ut
1351 1697 1393 1731 et
1427 1697 1476 1730 tu
1510 1691 1635 1730 factis
1669 1691 1724 1729 ad

169 1760 246 1799 hec
260 1758 518 1809 respondeas
532 1757 673 1803 michi,
691 1758 895 1809 quoniam
911 1763 986 1797 aut
1003 1758 1261 1809 colloquium
1277 1771 1420 1797 meum
1435 1762 1478 1797 te
1495 1757 1726 1809 plurimum

170 1825 408 1865 desiderare
462 1824 717 1864 multociens
772 1824 919 1864 dixisti
973 1829 1022 1864 ut
1077 1825 1163 1863 iam
1217 1825 1395 1864 tandem
1462 1824 1727 1863 satisfaciam

170 1891 378 1931 desiderio
407 1894 496 1937 tuo,
528 1904 623 1930 ecce
653 1895 797 1942 presto
826 1904 921 1930 sum
949 1895 992 1931 et
1022 1891 1167 1930 dicens
1196 1891 1289 1931 tibi.

219 2018 302 2051 ¹Cf.
331 2018 504 2059 Keating,
533 2019 650 2051 Three
678 2019 804 2051 Shafts
830 2019 869 2051 of
895 2020 1030 2055 Death,
1060 2020 1127 2052 Ed.
1157 2019 1355 2055 Atkinson,
1386 2017 1474 2050 611².
