2001 3250
115 975 162 1001 10

107 2287 158 2324 30

232 243 285 294 84
624 240 966 281 INSTRUcrro
991 239 1087 278 PrE
1109 216 1352 278 vrvENDI

231 374 507 425 requirendo:
540 384 612 423 per
640 384 686 410 os
714 376 755 409 et
785 370 972 420 linguam
1000 370 1170 416 scilicet,
1201 370 1497 415 detractiones,
1528 382 1764 410 murmura-

233 440 379 481 tiones,
424 438 723 482 oblocutiones,
768 436 1006 482 maledicta,
1050 436 1282 482 mendacia,
1330 437 1465 487 (209a)
1510 435 1761 482 iuramenta,

234 504 424 555 periuria,
449 503 734 547 scurrilitates,
759 501 1011 547 blasfemias,
1035 501 1273 548 iactantias,
1297 502 1575 547 adulationes,
1595 502 1764 541 simula-

234 570 380 613 tiones,
400 568 682 619 duplicitates,
704 567 923 612 falsitates,
944 567 1224 618 deceptiones,
1250 567 1426 612 fabulas,
1448 580 1561 606 vana
1578 568 1764 606 ioculosa

234 640 275 673 et
294 635 431 672 ociosa
460 634 589 672 verba
607 633 868 684 proferendo,
889 645 961 683 per
980 646 1061 683 que
1079 633 1329 672 multociens
1347 638 1527 672 mortem
1546 633 1764 672 introduxi

233 700 274 738 in
315 700 437 738 corde
478 711 598 737 meo:
641 698 831 737 similiter
870 699 1130 737 comedendo
1169 704 1212 737 et
1253 699 1436 738 bibendo
1477 704 1575 738 ante
1616 700 1764 738 horam

233 766 404 811 curiose,
440 765 594 815 gulose,
631 764 822 810 delicate,
858 765 1066 815 superflue
1101 765 1225 803 nimis
1259 770 1301 803 et
1335 770 1475 803 cetera
1508 765 1762 810 huiusmodi,

233 844 305 882 per
349 844 429 881 que
473 830 723 868 multociens
765 830 1036 868 infirmitates
1078 835 1169 869 tam
1213 830 1352 869 anime
1396 843 1525 881 quam
1580 831 1765 881 corporis

232 896 463 946 acquisivi:
517 896 567 934 de
618 895 815 934 manibus
864 896 1033 941 scilicet,
1086 897 1198 935 mala
1249 909 1387 947 opera,
1440 896 1570 946 signa,
1622 902 1766 935 tactus

231 962 471 1000 immundos
493 967 535 1000 et
559 966 698 1000 cetera
721 961 872 1000 similia
895 961 1100 1007 faciendo,
1126 975 1199 1013 per
1223 975 1303 1012 que
1327 962 1512 1000 animam
1536 975 1674 1000 meam
1698 975 1765 1001 me

230 1028 368 1066 lesisse
391 1040 571 1077 agnosco
591 1039 598 1065 2
624 1040 697 1078 per
720 1028 847 1078 pedes
870 1027 1039 1073 scilicet,
1065 1028 1343 1066 calciamenta
1366 1028 1514 1066 stricta
1535 1033 1578 1066 et
1602 1028 1766 1066 curiosa

230 1093 425 1131 habendo
464 1098 505 1131 et
545 1092 747 1131 dissolute
787 1106 835 1132 ac
874 1094 1052 1144 superbe
1091 1093 1336 1140 incedendo,
1379 1099 1508 1144 atque
1547 1106 1766 1144 perversas

228 1159 319 1197 vias
357 1164 397 1197 et
436 1159 570 1197 malas
607 1158 831 1197 societates
868 1159 1094 1210 sequendo,
1136 1159 1317 1210 denique
1355 1160 1406 1198 de
1444 1164 1538 1198 toto
1576 1172 1761 1210 corpore,

228 1225 396 1269 scilicet,
436 1225 693 1275 voluptates,
734 1224 946 1270 mollicies,
988 1225 1193 1276 pigricias,
1234 1225 1548 1270 somnolentias,
1589 1225 1765 1263 carnali-

228 1296 350 1331 tates,
373 1290 644 1340 pausationes
664 1295 706 1329 et
726 1295 866 1329 cetera
885 1291 1127 1329 huiusmodi
1147 1291 1360 1336 sectando,
1384 1304 1456 1342 per
1476 1304 1557 1342 que
1577 1291 1765 1329 animam

227 1369 365 1394 meam
406 1356 591 1406 graviter
633 1356 875 1395 vulnerasse
916 1369 1001 1395 non
1043 1357 1201 1407 ignoro.
1261 1358 1324 1396 De
1367 1357 1445 1395 hiis
1487 1370 1585 1407 ergo
1625 1362 1667 1395 et
1711 1357 1763 1395 de

228 1421 423 1459 omnibus
456 1422 548 1460 aliis
583 1422 768 1473 peccatis
801 1423 905 1461 meis
939 1422 1047 1461 sicut
1083 1428 1132 1461 tu
1166 1423 1315 1461 melius
1349 1423 1474 1468 nosti,
1511 1435 1763 1474 quecunque

227 1488 483 1537 cogitatione
533 1488 745 1527 locutione
792 1493 834 1527 et
881 1501 1004 1539 opere
1051 1489 1235 1539 peccavi,
1284 1502 1350 1527 me
1396 1501 1512 1527 ream
1558 1489 1760 1527 confiteor

227 1558 268 1592 et
286 1553 455 1592 veniam
472 1554 702 1604 deprecans
719 1554 774 1592 ad
791 1558 833 1593 te
851 1554 1014 1593 fontem
1031 1554 1204 1605 pietatis
1221 1559 1263 1593 et
1281 1554 1560 1593 misericordie
1578 1554 1763 1592 lavanda

226 1623 268 1657 et
308 1619 556 1658 mundanda
594 1633 778 1658 accurro.
839 1620 932 1659 Scio
971 1620 1083 1659 enim
1123 1620 1223 1671 quia
1263 1620 1420 1666 dixisti,
1464 1621 1761 1671 “quacunque

226 1685 329 1723 hora
383 1690 580 1735 peccator
634 1685 898 1735 ingemuerit,
956 1686 1146 1724 omnium
1200 1686 1479 1737 iniquitatum
1533 1686 1622 1724 eius
1676 1699 1761 1724 non

224 1750 539 1797 recordabor,’'1
562 1754 617 1797 et,
644 1751 668 1766 “
689 1752 724 1791 O
748 1751 891 1790 anima
912 1751 1139 1802 peccatrix,
1164 1751 1261 1791 licet
1286 1757 1334 1790 tu
1356 1752 1566 1791 fornicata
1588 1751 1643 1790 sis
1665 1764 1763 1790 cum

225 1816 488 1855 amatoribus
515 1817 673 1863 multis,
707 1817 846 1868 (zoob)
877 1823 1021 1856 tamen
1050 1818 1104 1856 ad
1133 1831 1199 1856 me
1226 1823 1436 1857 revertere
1464 1822 1507 1856 et
1535 1818 1763 1868 suscipiam

226 1883 331 1920 te.’'2
388 1883 478 1921 Hec
504 1887 602 1921 sunt
628 1884 759 1922 verba
784 1888 872 1929 tua,
901 1883 973 1934 qui
998 1897 1140 1929 verax,
1169 1897 1268 1934 ymo
1294 1883 1367 1935 qui
1392 1883 1550 1922 veritas
1575 1896 1630 1929 es,
1659 1883 1762 1921 nulli

226 1948 445 1986 blandiens
462 1949 674 1987 neminem
691 1949 841 1988 fallens
860 1962 866 1988 2
888 1950 963 1988 hec
981 1949 1108 1987 michi
1126 1950 1350 1988 conferunt
1368 1962 1486 2000 spem
1503 1954 1545 1988 et
1564 1949 1764 1987 fiduciam

225 2014 279 2051 ad
306 2019 348 2052 te
374 2015 626 2053 revertendi.
686 2015 804 2053 Lava
829 2028 928 2065 ergo
954 2020 995 2054 et
1023 2015 1183 2054 munda
1210 2029 1277 2054 me
1304 2015 1413 2054 sicut
1441 2020 1490 2054 tu
1516 2015 1761 2066 promisisti.

224 2079 288 2118 Tu
317 2092 360 2118 es
389 2080 462 2130 qui
491 2093 557 2118 me
588 2080 639 2119 de
669 2081 854 2131 peccatis
883 2081 1208 2120 misericorditer
1236 2081 1467 2121 retraxisti.
1523 2081 1589 2119 Tu
1617 2093 1661 2119 es
1691 2080 1764 2131 qui

225 2150 399 2195 paterne
432 2150 473 2184 et
509 2146 661 2185 blande
694 2146 821 2184 michi
853 2147 1023 2185 veniam
1056 2146 1299 2197 promisisti.
1357 2147 1422 2186 Tu
1454 2160 1497 2186 es
1529 2146 1603 2198 qui
1635 2145 1764 2185 michi

226 2210 281 2248 ad
326 2216 367 2249 te
413 2211 547 2250 redire
594 2212 855 2251 confidenter
900 2213 1162 2258 consuluisti,
1211 2219 1253 2252 et
1301 2213 1401 2264 quia
1446 2225 1578 2251 verax
1624 2225 1667 2251 es
1714 2224 1763 2251 ac

227 2277 493 2326 omnipotens
521 2290 574 2317 es
606 2278 738 2316 libera
766 2291 832 2316 me
861 2291 945 2317 non
974 2283 1146 2317 tantum
1175 2291 1200 2316 a
1229 2279 1424 2329 peccatis,
1455 2278 1526 2317 sed
1568 2278 1698 2316 etiam
1737 2290 1763 2316 a

226 2354 334 2392 pena
358 2344 531 2392 peccati.
590 2344 624 2382 O
650 2344 776 2382 beata
799 2345 937 2395 Virgo,
964 2357 1045 2395 que
1068 2357 1134 2383 me
1158 2345 1213 2383 ad
1236 2345 1347 2383 hunc
1370 2345 1533 2383 fontem
1554 2344 1762 2394 benignis-

226 2408 378 2445 simum
400 2409 628 2447 lavandam
649 2410 879 2455 adduxisti,
903 2410 1060 2449 adiuva
1082 2423 1147 2449 nie
1169 2416 1210 2449 et
1233 2415 1324 2449 esto
1346 2410 1454 2448 sicut
1476 2410 1564 2448 iure
1586 2410 1756 2455 teneris,

227 2486 319 2511 mea
347 2474 430 2512 fida
456 2475 717 2521 advocatrix,
748 2476 848 2526 quia
874 2481 921 2514 ut
949 2482 1190 2526 peccatores
1217 2477 1482 2514 salvarentur
1509 2480 1645 2514 mater
1672 2475 1760 2513 eius

227 2551 273 2576 ac
312 2552 382 2588 per
419 2541 495 2578 huc
532 2541 674 2591 regina
710 2542 785 2580 celi
821 2555 909 2580 esse
945 2542 1179 2580 meruisti.''
1239 2542 1343 2580 Cum
1379 2542 1461 2580 ista
1497 2540 1757 2586 meditando,

227 2612 350 2653 prout
371 2605 463 2654 pius
482 2606 689 2645 Dominus
708 2607 883 2651 dederit,
905 2608 1091 2646 animam
1111 2613 1232 2646 tuam
1250 2620 1391 2646 coram
1410 2607 1501 2658 ipso
1520 2612 1562 2645 et
1581 2607 1761 2657 gloriosa

226 2675 360 2707 matre
379 2671 466 2708 cius
485 2672 693 2718 effuderis,
715 2673 769 2711 ad
789 2673 936 2712 beatos
955 2674 1128 2712 celestes
1147 2673 1321 2724 spiritus
1339 2679 1387 2711 ut
1407 2673 1462 2711 ad
1481 2672 1762 2723 penitentiam

226 2735 477 2785 condignam
502 2738 738 2777 faciendam
762 2744 804 2777 te
829 2739 1046 2784 adiuvent,
1075 2746 1168 2778 toto
1191 2739 1315 2778 corde
1340 2739 1494 2777 devote
1517 2738 1759 2777 reflectaris.

275 2838 286 2856 ¹
302 2839 430 2871 Ezech.
457 2841 597 2878 xvn121,
623 2841 661 2874 ²².

274 2882 286 2900 ²
305 2882 368 2913 lor.
395 2884 464 2915 111¹.
