2001 3250
136 1035 187 1063 10

130 1694 182 1723 20

256 301 333 349 158
632 301 982 342 INSTRUCTIO
1017 303 1113 342 ΡΙΕ
1161 302 1407 342 VIVENDI

251 430 326 476 fos,
360 444 476 481 reges
505 431 645 470 Tarsis
676 425 735 469 et1
767 430 946 470 insulae2
976 432 1152 472 munera
1183 434 1386 472 offerent:
1420 444 1536 483 reges
1567 431 1775 470 Arabum³

252 501 293 534 et
323 497 434 536 Saba
461 496 572 535 dona
600 496 812 535 adducent
840 501 882 536 et
910 497 1150 537 adorabunt
1177 511 1274 537 eum
1302 511 1446 537 omnes
1472 510 1599 548 reges,
1631 510 1776 537 omnes

253 568 398 612 gentes
421 563 602 601 servient
625 562 662 601 ei
687 562 723 601 .i.
748 563 986 602 do—bherud
1006 563 1126 614 righa
1147 577 1202 603 na
1223 565 1379 603 n-oilen
1401 576 1444 603 re
1466 563 1620 602 n-abur
1641 563 1775 602 Tairsi

256 641 359 678 agus
381 629 492 668 Saba
513 641 616 678 agus
636 628 799 667 Arbum
819 629 1060 668 tinnlaicthi
1081 630 1264 669 dochum
1284 631 1366 669 Mic
1389 630 1483 669 Dhe
1504 642 1607 680 agus
1627 629 1776 680 guidh-

257 694 314 733 fid
344 707 398 732 na
428 694 557 732 h-uile
587 695 678 744 righ
709 695 760 733 he
790 707 893 745 agus
922 695 1125 745 gialfaidh
1154 696 1196 734 in
1227 696 1308 735 uile
1347 695 1554 736 chineadh
1585 695 1651 734 do.
1709 694 1775 736 Do

257 761 416 799 cithear
440 773 495 799 na
520 760 660 799 neithe
691 773 735 799 so
761 773 810 799 co
837 761 1174 800 criochnaidhthi
1202 774 1305 800 arna
1332 761 1610 800 ndearbhadh
1634 761 1773 800 maille

256 814 299 865 re
334 827 427 865 litre
462 826 532 865 ina
567 826 823 865 ndubhradh
857 827 939 866 iad.
977 827 1218 867 Adubhairt
1252 828 1295 866 in
1331 827 1448 866 faidh
1484 840 1530 866 ar
1565 827 1777 866 furalamh

256 892 298 930 in
339 893 574 943 Tighearna
613 893 647 931 is
686 893 727 931 in
769 893 955 944 tempall,
998 893 1256 944 suscepimus
1295 893 1410 932 Deus
1449 893 1778 932 misericordiam

256 963 377 997 tuam
416 959 458 997 in
498 958 638 997 medio
676 959 824 1010 templi
862 959 927 998 tui
969 959 1005 998 .i.
1048 959 1193 998 Criosd
1232 972 1338 998 anns
1375 972 1432 997 na
1471 958 1778 998 Scriobtuiribh

256 1024 500 1063 Naemhtha
525 1024 596 1063 ina
621 1024 766 1063 roibhe
793 1025 970 1063 trocaire
996 1025 1090 1064 Dhe
1117 1038 1167 1064 co
1192 1025 1319 1064 minic
1345 1037 1448 1064 arna
1473 1025 1592 1071 radh,
1621 1025 1780 1063 amhail

257 1090 514 1129 dearbhthar
572 1090 606 1129 is
664 1090 706 1130 in
765 1090 977 1141 ughdaras
1034 1104 1091 1137 so,
1153 1091 1327 1130 ostende
1385 1090 1525 1129 nobis4
1582 1090 1775 1137 Domine,

256 1156 582 1195 misericordiam
607 1161 727 1195 tuam
751 1161 794 1195 et
818 1157 1001 1196 salutare
1026 1162 1149 1196 tuum
1174 1157 1228 1196 da
1251 1157 1373 1195 nobis
1400 1157 1436 1196 .i.
1464 1169 1489 1195 a
1511 1157 1779 1207 Thighearna

255 1223 425 1262 tabhair
451 1222 582 1261 duinn
609 1222 662 1261 do
689 1223 896 1262 throcaire
922 1223 1005 1261 sein
1033 1236 1135 1273 agus
1161 1223 1338 1262 tinnluic
1364 1223 1495 1262 duinn
1521 1222 1777 1262 t'fhurtacht

257 1301 359 1339 agiis
395 1289 449 1327 do
484 1288 770 1339 ghairdighthi
805 1289 901 1335 sein,
940 1294 982 1328 et
1017 1289 1301 1328 misericordia
1335 1289 1507 1342 Domini
1542 1288 1597 1327 ab
1632 1293 1778 1328 eterno

257 1359 299 1393 et
332 1368 463 1406 usque
509 1355 551 1392 in
599 1359 791 1393 eternum
837 1359 880 1394 et
912 1355 1027 1394 Deus
1058 1369 1188 1400 meus,
1226 1355 1514 1394 misericordia
1544 1367 1639 1393 mea
1674 1355 1710 1393 .i.
1743 1355 1781 1392 is

256 1421 268 1459 i
295 1420 357 1459 sin
384 1421 426 1459 in
452 1421 629 1459 trocaire
655 1421 965 1460 mharthanach
990 1422 1099 1460 nach
1124 1421 1508 1471 dighbhaidhthear
1534 1425 1597 1460 tre
1623 1420 1779 1460 bhithu

255 1487 322 1532 sir,
356 1492 397 1526 et
429 1487 544 1525 Deus
574 1500 702 1532 meus,
737 1487 1020 1526 misericordia
1050 1500 1144 1526 mea
1178 1488 1214 1526 .i.
1249 1500 1273 1526 a
1303 1487 1416 1526 Dhia
1445 1487 1480 1525 is
1510 1491 1559 1526 tu
1590 1486 1674 1525 sein
1705 1499 1775 1524 mo

253 1552 473 1591 throcaire.
531 1553 658 1591 Adeir
692 1552 923 1592 Malachius
959 1553 1093 1604 (5oa1)
1131 1566 1176 1592 ar
1210 1566 1263 1592 an
1298 1553 1469 1598 ceadna,
1505 1565 1599 1591 ecce
1632 1552 1774 1591 veniet

253 1619 308 1657 ad
330 1618 537 1669 templum
559 1632 682 1657 suum
704 1618 956 1658 Dominator
978 1618 1186 1658 Dominus
1211 1620 1246 1657 .i.
1274 1620 1368 1658 Iosa
1391 1619 1546 1664 Criosd,
1571 1623 1613 1657 et
1635 1622 1772 1664 erunt,

252 1685 427 1724 scilicet5
464 1685 616 1735 Ioseph
652 1689 694 1724 et
732 1685 876 1731 Maria,
915 1687 1137 1724 offerentes
1173 1698 1269 1723 eum
1306 1685 1490 1723 Domino
1525 1684 1776 1723 sacrificium

250 1750 293 1789 in
331 1751 498 1789 iusticia
539 1751 575 1790 .i.
616 1751 651 1789 is
689 1751 810 1790 follas
848 1764 897 1789 co
934 1750 1038 1790 ticfa
1075 1764 1128 1790 an
1167 1751 1403 1801 Tighearna
1441 1763 1489 1789 ac
1528 1750 1711 1789 denamh
1749 1762 1775 1788 a

250 1817 536 1867 thighearnais
568 1817 693 1855 chum
725 1830 750 1855 a
782 1817 986 1868 thempail
1018 1817 1101 1856 sein
1137 1817 1172 1856 .i.
1209 1818 1303 1856 losa
1336 1816 1490 1862 Criosd,
1525 1829 1628 1867 agus
1659 1815 1775 1854 biaid

251 1883 403 1934 Ioseph
439 1896 542 1933 agus
578 1883 710 1922 Muire
747 1883 784 1921 a'
823 1883 946 1922 furail
981 1883 1181 1922 idhbarta
1217 1896 1262 1922 ar
1299 1896 1352 1921 an
1387 1883 1624 1933 Tighearna
1658 1882 1693 1921 is
1727 1882 1771 1920 in

248 1949 495 1988 firendacht.
554 1948 697 1988 Gurab
717 1949 801 1987 aire
820 1949 883 1987 sin
904 1949 1018 1987 adeir
1038 1950 1202 2000 Ysayas
1223 1962 1247 1987 a
1267 1949 1431 2000 persain
1451 1961 1504 1987 an
1523 1948 1772 1998 Tighearna,

249 2015 421 2066 spiritus
479 2015 651 2055 Domini
710 2028 833 2066 super
891 2028 969 2061 me,
1031 2028 1080 2054 eo
1139 2016 1253 2066 quod
1312 2015 1498 2053 unxeritss
1557 2026 1652 2052 me:
1715 2014 1770 2052 ad

248 2081 593 2120 annunciandum
621 2081 854 2120 mansuetis
882 2081 996 2120 misit
1025 2094 1103 2127 me,
1135 2086 1182 2120 ut
1212 2081 1398 2119 mederer
1428 2080 1619 2119 contritis
1648 2080 1772 2118 corde

248 2151 291 2186 et
326 2147 583 2198 predicarem
618 2147 799 2198 captivis
830 2147 1138 2197 indulgentiam
1172 2152 1214 2186 et
1249 2147 1399 2185 clausis
1433 2146 1693 2197 apertionem
1728 2151 1771 2184 et

249 2226 407 2251 annum
441 2213 689 2264 placabilem
722 2213 905 2252 Domino
941 2213 977 2252 .i.
1012 2213 1217 2252 tiocfaidh
1250 2212 1418 2264 spiorad
1451 2225 1504 2251 an
1536 2212 1772 2262 Tighearna

250 2291 389 2317 ormsa
418 2292 463 2317 ar
494 2292 568 2317 son
600 2291 672 2317 cur
702 2292 784 2329 ong
814 2279 856 2317 se'
886 2292 952 2317 me
983 2292 1085 2329 agus
1115 2279 1169 2317 da
1200 2278 1529 2317 fhoillseachadh
1559 2278 1624 2316 nis
1654 2277 1771 2316 caine

250 2344 304 2383 do
331 2344 447 2384 chuir
474 2357 515 2383 se
542 2357 619 2389 me,
648 2344 797 2383 iondas
823 2357 870 2383 co
897 2344 1260 2394 furtachtaighind
1285 2344 1423 2383 toirrsi
1450 2357 1504 2382 na
1530 2343 1771 2382 h—indtinne

249 2423 352 2461 agus
387 2423 433 2449 co
468 2410 652 2460 ngellind
685 2410 946 2449 maitheamh
981 2423 1083 2460 agus
1117 2410 1392 2448 fuaslachadh
1427 2410 1538 2448 dona
1573 2409 1771 2447 claeinibh

249 2478 321 2516 ata
339 2489 364 2515 a
379 2476 509 2515 laimh
527 2489 629 2526 agus
646 2476 755 2515 solas
772 2476 825 2514 do
842 2476 959 2515 lucht
978 2489 1030 2514 an
1049 2476 1309 2521 dorchadais,
1330 2488 1432 2525 agus
1449 2488 1496 2513 co
1515 2473 1770 2524 foillsighind

248 2542 491 2581 bliadhain⁷
521 2542 741 2592 toghaidhi
769 2542 812 2580 in
841 2542 1088 2592 Tighearna.
1148 2542 1282 2580 Corab
1312 2541 1395 2580 aire
1427 2541 1488 2579 sin
1513 2540 1773 2579 dearbhthar

296 2669 308 2689 ¹
323 2670 387 2701 Ms.
407 2670 517 2701 omits
535 2673 583 2701 et.

295 2713 308 2732 ²
324 2714 388 2745 Ms.
407 2714 520 2745 insole

297 2756 310 2776 ³
325 2758 389 2789 Ms.
411 2758 551 2789 Arbum

298 2801 312 2820 ⁴
327 2802 391 2833 Ms.
412 2802 516 2833 nobis
535 2805 572 2833 ct
589 2802 746 2833 Domine

301 2845 313 2864 ⁶
329 2846 393 2876 Ms.
421 2846 539 2877 silicet
567 2870 572 2877 .
603 2870 608 2876 .
639 2871 644 2876 .
675 2845 881 2877 offerenteis
899 2854 904 2875 :
934 2846 997 2876 the
1024 2846 1142 2876 words
1168 2845 1307 2876 scilicet
1336 2869 1342 2875 .
1373 2869 1377 2874 .
1409 2869 1414 2874 .
1446 2844 1560 2874 Maria
1587 2844 1658 2875 and
1686 2850 1770 2874 eum

254 2899 313 2922 are
328 2890 441 2921 taken
458 2899 545 2921 over
560 2890 655 2921 from
672 2891 734 2921 the
752 2890 860 2920 Latin
878 2890 973 2920 Text
989 2898 1027 2920 as
1045 2892 1129 2930 part
1145 2889 1182 2920 of
1198 2890 1260 2919 the
1278 2889 1472 2929 quotation
1490 2888 1585 2919 from
1601 2886 1769 2918 Malachi.

301 2932 314 2952 ὅ
329 2934 394 2964 Ms.
409 2934 550 2965 uncerit
562 2943 619 2965 me
632 2934 932 2965 adnunciandum
944 2933 1148 2964 mansuecis
1160 2933 1264 2964 micit
1278 2957 1283 2963 .
1314 2957 1319 2963 .
1350 2957 1355 2963 .
1371 2932 1514 2964 clauisis
1528 2931 1772 2973 apericionem

302 2977 314 2996 ⁷
329 2977 395 3009 Ms.
415 2978 490 3008 blas
