2001 3250
136 696 159 735 01

112 1026 160 1053 10

109 2340 161 2377 30

229 249 281 289 88
624 247 966 286 INSTRL'CTIO
991 247 1086 284 PIE
1109 247 1351 286 VIVENDI

230 378 492 429 recognoscis
534 377 736 416 beneficia
779 376 870 423 Dei,
914 389 1081 416 necesse
1124 382 1187 417 est
1231 382 1278 417 ut
1321 378 1364 416 in
1408 390 1595 416 amorem
1636 377 1768 428 ipsius

229 444 520 483 abundantius
545 442 799 482 accendaris.

231 572 298 602 DE
330 569 595 601 APOSTOLIS
627 570 688 600 ET
719 569 977 600 CARITATE.
1343 570 1632 602 CAPITULUM
1663 570 1764 601 LIII.

284 618 474 657 Ascende
505 630 602 668 ergo
634 618 689 655 ad
720 618 869 656 beatos
899 618 1127 668 apostolos,
1161 619 1318 658 scilicet
1350 620 1537 664 Petrum,
1572 619 1766 667 Paulum,

231 685 458 729 Andream,
488 684 704 728 Iacobum,
734 685 968 722 Iohannem
992 688 1035 722 et
1062 696 1207 723 omnes
1232 685 1335 723 alios
1360 685 1432 736 qui
1457 689 1547 723 tam
1572 685 1768 723 ardenter

232 750 444 789 Christum
481 749 719 788 dilexerunt
757 749 883 800 quod,
923 749 1118 788 omnibus
1154 751 1320 797 relictis,
1359 751 1397 789 ei
1432 750 1768 801 inseparabiliter

231 816 498 860 adheserunt,
529 820 570 854 et
599 815 693 853 ideo
721 815 762 853 in
792 815 862 853 illo
890 815 1057 854 camino
1084 816 1272 855 ardentis
1300 816 1454 855 amoris
1482 816 1561 854 Dei
1590 816 1768 855 fideliter

229 881 414 920 universi
443 881 570 919 beata
598 881 759 919 visione
788 881 919 931 ipsius
948 881 1205 920 incessanter
1235 882 1316 921 frui
1345 887 1571 927 merentur,
1603 886 1645 921 et
1676 882 1765 920 eius

230 947 396 986 ardenti
437 947 615 986 caritate
657 947 856 992 succensi,
900 948 988 993 hos,
1031 947 1219 998 inquam,
1263 948 1486 999 deprecare
1527 952 1575 986 ut
1616 948 1768 987 saltem

229 1026 359 1051 unam
395 1013 621 1051 scintillam
656 1013 766 1051 illius
802 1013 990 1051 ardentis
1025 1014 1180 1052 amoris
1215 1026 1361 1052 eorum
1396 1013 1590 1064 precibus
1624 1013 1768 1052 valeas

229 1079 416 1129 adipisci,
470 1091 543 1129 per
594 1091 724 1129 quam
775 1078 817 1117 in
870 1079 1094 1118 dilectione
1145 1079 1208 1118 tui
1260 1080 1461 1119 creatoris
1511 1079 1767 1127 accendaris,

227 1145 519 1183 inflammeris1
542 1149 583 1183 et
608 1144 777 1183 abunde
801 1145 1080 1191 succendaris,
1105 1145 1168 1184 ita
1190 1145 1306 1197 quod
1328 1150 1423 1185 tota
1445 1145 1637 1196 liquefias
1659 1150 1702 1184 et
1725 1145 1768 1184 in

226 1210 367 1260 ipsum
397 1210 588 1249 totaliter
618 1210 868 1249 infundaris.
930 1211 1009 1249 “A
1040 1211 1207 1250 modica
1236 1211 1349 1250 enim
1379 1211 1562 1250 scintilla
1591 1215 1770 1261 augetur

227 1276 400 1326 ignis.''2
456 1276 498 1316 Si
535 1288 619 1314 non
658 1276 756 1315 talis
794 1276 922 1315 fueris
960 1277 1157 1316 omnibus
1193 1278 1319 1316 rebus
1357 1282 1399 1316 et
1438 1277 1605 1316 actibus
1642 1277 1767 1316 huius

229 1342 357 1380 seculi
383 1346 425 1380 te
453 1346 667 1380 mortuam
694 1355 782 1380 esse
809 1343 1040 1393 reputabis,
1070 1348 1243 1394 propter
1271 1343 1385 1394 quod
1413 1356 1615 1394 sponsum
1642 1348 1767 1382 tuum

230 1407 371 1446 Iesum
406 1407 620 1446 Christum
653 1412 747 1447 toto
782 1408 918 1455 corde,
954 1409 998 1447 id
1032 1415 1095 1448 est
1131 1409 1327 1448 omnibus
1361 1408 1692 1459 cogitationibus
1724 1412 1768 1449 et

229 1473 581 1512 meditationibus
623 1474 721 1518 tuis,
767 1478 862 1512 tota
904 1475 1058 1520 anima,
1104 1475 1148 1513 id
1190 1480 1254 1514 est
1299 1475 1414 1514 omni
1457 1475 1681 1514 affectione
1725 1479 1767 1513 et

230 1539 456 1578 devotione
474 1544 562 1585 tua,
583 1543 625 1578 et
644 1539 748 1578 totis
765 1539 938 1586 viribus,
958 1540 1003 1579 id
1019 1546 1083 1579 est
1102 1542 1266 1580 cunctis
1284 1541 1481 1592 operibus
1498 1541 1584 1580 tuis
1601 1540 1768 1579 ardenti

229 1605 372 1643 animo
406 1605 664 1643 incessanter
700 1618 787 1643 am-
827 1605 962 1657 (213a)
1002 1607 1226 1657 -plecteris
1286 1608 1321 1646 O
1359 1607 1393 1645 si
1428 1608 1507 1645 hoc
1543 1607 1585 1645 in
1622 1607 1769 1657 palato

229 1671 365 1709 cordis
403 1670 527 1721 sapis,
568 1670 635 1709 hic
672 1671 860 1710 suaviter
898 1676 940 1711 et
979 1672 1285 1711 delectabiliter
1322 1673 1534 1724 pausabiS‚
1575 1677 1705 1723 atque
1743 1685 1768 1711 a

230 1736 460 1787 predilecto
486 1749 641 1787 sponso
667 1741 745 1775 tuo
771 1737 883 1776 hunc
910 1742 1001 1776 tam
1029 1738 1250 1777 ardentem
1277 1751 1464 1777 amorem
1492 1742 1586 1777 tota
1612 1738 1768 1777 mentis

228 1802 464 1840 intentione
495 1807 537 1840 et
568 1803 792 1842 affectione
823 1804 960 1842 cordis
990 1804 1069 1843 tibi
1099 1804 1267 1843 infundi
1297 1804 1567 1856 supplicabis
1601 1804 1652 1843 de
1683 1817 1769 1855 quo

231 1872 394 1918 quanto
435 1867 529 1918 plus
571 1869 774 1919 receperis
816 1873 940 1908 tanto
983 1870 1165 1921 amplius
1207 1870 1477 1910 desiderabis.
1536 1871 1630 1909 Hoc
1671 1882 1770 1920 ergo

230 1933 406 1972 habebis
444 1933 611 1983 signum
650 1935 765 1985 quod
804 1935 916 1974 hunc
955 1940 1046 1975 tam
1086 1936 1260 1975 beatum
1299 1937 1439 1987 ignem
1479 1936 1691 1987 accepisti,
1735 1935 1769 1974 si

230 2000 354 2038 nullis
387 1999 731 2047 adversitatibus,
766 2001 1132 2052 prosperitatibus,
1166 2002 1488 2041 infirmitatibus
1519 2007 1561 2041 et
1593 2001 1770 2041 tribula-

229 2065 418 2104 tionibus
455 2065 727 2105 obstantibus
765 2067 1047 2106 desideratur³
1084 2073 1127 2107 et
1164 2068 1423 2107 incessanter
1460 2080 1556 2107 eum
1596 2080 1769 2119 querere

230 2131 402 2170 studeas
427 2131 560 2170 donec
583 2132 738 2171 iterum
762 2132 951 2172 invenire
975 2134 1185 2173 merearis.
1245 2134 1444 2174 Iuventio
1469 2139 1613 2173 autem
1637 2133 1769 2184 ipsius

230 2201 293 2236 est
323 2197 508 2247 cognitio
536 2197 835 2237 beneficiorum
864 2199 978 2238 eius:
1011 2200 1044 2238 si
1072 2213 1171 2250 ergo
1197 2200 1338 2251 ipsum
1365 2200 1587 2246 inveneris,
1619 2199 1768 2250 utique

230 2275 454 2313 cognosces
475 2267 517 2302 et
540 2263 747 2315 intelliges
769 2270 933 2316 quanta
955 2266 1068 2304 bona
1089 2266 1169 2305 tibi
1191 2266 1306 2312 facit,
1331 2270 1543 2317 quantum
1565 2270 1607 2304 te
1631 2265 1766 2315 diligit

230 2333 272 2367 et
297 2328 457 2374 dilexit,
484 2342 614 2380 quam
638 2330 771 2369 fidelis
795 2331 955 2370 amicus
979 2332 1058 2370 tibi
1081 2332 1239 2378 extitit,
1267 2332 1367 2383 quia
1390 2344 1532 2370 amore
1556 2331 1619 2370 tui
1643 2344 1768 2369 suum

231 2394 584 2444 preciosissimum
622 2396 870 2446 sanguinem
907 2397 950 2435 in
989 2402 1125 2437 morte
1164 2403 1255 2437 tam
1293 2397 1562 2436 abundanter
1600 2397 1765 2436 effudit.

230 2460 321 2498 Hec
347 2460 559 2511 recogita:
589 2460 631 2500 in
660 2462 739 2501 hiis
764 2475 959 2502 versare:
990 2476 1062 2514 per
1089 2464 1165 2502 hec
1191 2463 1233 2502 in
1260 2463 1401 2514 ipsum
1428 2476 1615 2502 amorem
1642 2467 1767 2501 tuum

230 2526 423 2571 accende,
463 2531 505 2565 et
544 2531 753 2578 tanquam
791 2528 945 2574 fruens,
987 2529 1153 2568 fervens
1190 2534 1232 2568 et
1271 2534 1444 2568 estuans
1482 2542 1534 2567 ex
1571 2528 1766 2567 medullis

230 2591 367 2629 cordis
391 2591 455 2630 tui
480 2592 616 2631 clama
640 2598 682 2632 et
709 2593 787 2640 dic,
817 2594 842 2609 “
861 2594 998 2633 amico
1022 2595 1135 2634 fideli
1158 2595 1275 2634 nulla
1298 2599 1362 2634 est
1387 2594 1662 2646 comparatio,
1689 2606 1766 2633 nec

231 2662 293 2695 est
324 2657 532 2707 condigna
562 2659 811 2709 ponderatio
840 2660 931 2699 auri
960 2664 1002 2700 et
1032 2661 1196 2712 argenti
1225 2665 1373 2700 contra
1402 2661 1640 2699 bonitatem
1670 2659 1767 2699 fidei

280 2804 291 2822 ¹
307 2805 371 2836 Ms.
399 2806 684 2839 inflammaveris

279 2847 292 2866 ²
309 2849 447 2881 Ecclus.
471 2849 555 2881 x1³⁴.

275 2891 290 2910 ³
305 2893 369 2924 Ms.
391 2893 647 2925 desiderantur
