1934 3260
168 987 217 1016 10

169 1315 216 1356 15

169 1648 218 1676 20

166 1977 215 2016 25

291 252 340 290 18
687 252 745 290 IN
752 252 1026 292 STRUCTIO
1050 253 1144 292 PIE
1168 253 1408 292 VIVENDI

288 383 590 433 potuerunt.''l
647 383 703 422 Et
735 383 864 422 altere
896 383 1080 434 quedam
1113 383 1197 422 “in
1230 383 1374 422 multis
1406 384 1481 422 hee
1513 383 1580 421 Vel
1610 383 1677 421 ille
1710 383 1813 423 satis

287 454 386 487 sunt
418 448 616 499 religiose,
652 448 724 487 sed
755 449 798 487 in
829 448 912 488 isto
943 449 1010 487 vel
1041 449 1083 487 in
1115 449 1185 488 illo
1218 450 1341 488 nimis
1373 453 1471 488 sunt
1504 448 1738 499 pertinaces
1769 454 1811 488 et

287 514 426 552 minus
441 514 684 553 obedientes
700 527 748 552 ac
763 514 960 553 devote.”
1018 516 1073 554 Et
1089 516 1300 561 nonnulle,
1319 516 1342 529 “
1361 527 1563 565 magnum
1578 514 1812 565 dampnum

288 585 351 619 est
374 580 425 618 de
447 580 530 619 ista
551 581 618 619 vel
641 580 691 619 de
714 580 795 626 illa,
821 580 921 631 quia
942 584 1008 619 tot
1030 580 1194 619 labores
1216 586 1257 620 et
1287 581 1468 619 virtutes
1497 580 1635 631 perdit
1665 593 1740 631 pro
1768 593 1812 620 re

288 650 379 685 tam
394 646 570 696 parva.”
628 646 718 697 Que
734 646 876 684 omnia
891 659 988 685 cum
1003 646 1161 685 talibus
1176 647 1254 685 hoc
1271 647 1451 697 pessimo
1466 646 1575 684 vicio
1591 646 1813 692 denoteris,

287 712 447 751 solicite
499 712 656 757 devita,
712 712 811 763 quia
865 713 1183 763 “corrumpunt
1236 725 1372 751 mores
1425 712 1557 750 bonos
1610 712 1818 763 colloquia

288 778 493 828 prava.’'2
548 777 735 816 Alicuius
766 778 878 817 enim
909 778 1159 829 negligentie
1192 783 1266 818 aut
1298 778 1408 817 vicia
1438 778 1596 817 nemini
1627 791 1817 829 unquam

288 848 386 883 sunt
405 843 594 890 dicenda,
614 843 693 882 nisi
711 844 878 883 sibimet
896 844 975 895 ipsi
994 844 1059 895 pie
1077 844 1357 890 admonendo,
1377 844 1444 883 vel
1462 856 1603 882 coram
1621 844 1817 883 omnibus

286 910 509 949 caritative
544 910 857 960 proclamando,
894 910 982 949 sive
1017 910 1219 961 superiori
1253 915 1301 950 ut
1337 910 1569 961 corrigatur
1604 910 1817 949 humiliter

286 976 556 1026 suggerendo,
585 976 652 1014 vel
678 976 849 1015 cuilibet
876 976 996 1015 alteri
1022 976 1197 1015 habenti
1223 981 1482 1027 potestatem
1507 975 1749 1027 corripienti
1774 976 1816 1014 in

285 1042 364 1080 hoc
412 1042 668 1093 periclitanti
716 1042 993 1081 amicabiliter
1041 1042 1342 1089 subveniendo,
1393 1042 1578 1093 alioquin
1627 1054 1818 1080 murmur

284 1108 363 1147 erit
390 1108 478 1147 sive
505 1108 725 1147 detractio.
784 1108 977 1159 Quedam
1003 1109 1133 1147 etiarn
1160 1113 1208 1148 ut
1236 1121 1312 1147 sua
1338 1108 1448 1147 vicia
1473 1113 1516 1147 et
1543 1107 1818 1158 negligentias

284 1178 445 1224 tegant,
483 1174 646 1213 sodales
680 1186 777 1213 suas
812 1174 1032 1213 diffamare
1067 1179 1109 1214 et
1145 1187 1341 1213 accusare
1375 1187 1460 1213 non
1495 1178 1673 1220 cessant,
1712 1186 1818 1225 quas

284 1240 527 1280 nullatenus
584 1240 761 1279 imiteris
820 1253 895 1279 nec
956 1240 1133 1279 aliarum
1197 1240 1335 1291 (153b)
1397 1240 1714 1291 vituperacione
1774 1248 1817 1279 te

288 1306 542 1345 laudabilem
585 1307 688 1344 velis
730 1307 875 1346 videri.
933 1307 1081 1357 Neque
1124 1307 1178 1345 sis
1221 1307 1388 1357 garrula
1430 1306 1661 1345 fabulatrix
1704 1318 1818 1344 nova

287 1372 479 1418 referens,
512 1372 650 1411 ociosa
678 1372 819 1411 dicens
847 1378 889 1412 et
918 1373 960 1411 in
989 1373 1128 1411 verbis
1156 1373 1324 1419 blanda,
1356 1373 1428 1411 sed
1455 1372 1583 1410 lauda
1621 1384 1744 1423 parce
1773 1376 1815 1411 et

288 1438 484 1489 vitupera
519 1439 695 1489 parcius,
734 1440 756 1452 “
776 1452 827 1477 ex
862 1439 1126 1478 abundantia
1160 1439 1271 1477 enim
1306 1439 1441 1477 cordis
1476 1451 1521 1476 os
1555 1437 1815 1488 loquitur,”³

289 1517 385 1555 ergo
416 1505 551 1555 qualis
580 1505 868 1556 unusquisque
899 1505 952 1544 sit
983 1505 1110 1550 intus,
1144 1518 1194 1543 ex
1225 1505 1364 1543 verbis
1394 1509 1435 1543 et
1467 1504 1590 1542 dictis
1620 1503 1816 1542 omnibus

289 1571 597 1617 manifestatur,
640 1576 811 1622 propter
851 1571 965 1622 quod
1005 1571 1038 1609 si
1077 1571 1255 1610 libenter
1295 1571 1346 1609 de
1387 1570 1593 1621 qualitate
1622 1570 1814 1608 ciborum

288 1636 475 1687 loquitur
505 1637 661 1687 gulosa,
694 1637 728 1675 si
759 1637 809 1676 de
840 1637 976 1675 forma
1004 1637 1191 1675 virorum
1222 1636 1446 1683 luxuriosa,
1480 1636 1513 1674 si
1544 1636 1594 1674 de
1625 1635 1815 1686 cognatis

289 1707 330 1742 et
362 1703 524 1741 diviciis
554 1704 746 1754 superba,
779 1703 812 1741 si
843 1703 894 1742 de
926 1703 1069 1741 officiis
1100 1707 1141 1742 et
1172 1703 1401 1741 honoribus
1432 1715 1480 1741 ac
1511 1701 1815 1753 prelationibus

288 1768 525 1815 ambitiosa,
560 1769 593 1808 si
625 1770 676 1808 de
707 1769 868 1808 iniuriis
899 1769 977 1808 sibi
1008 1769 1135 1808 illatis
1180 1769 1331 1814 rixosa,
1366 1768 1399 1807 si
1431 1769 1482 1807 de
1514 1768 1689 1806 aliarum
1722 1780 1814 1818 pro-

288 1835 474 1874 motione
492 1840 533 1874 et
553 1836 616 1874 sui
634 1836 834 1887 despectu
852 1835 1008 1881 invida,
1029 1840 1071 1874 et
1090 1836 1123 1873 si
1141 1835 1372 1886 procaciter
1390 1840 1431 1873 et
1449 1835 1579 1884 rigide
1597 1833 1810 1879 iracunda,

288 1901 321 1939 si
353 1901 404 1940 de
437 1901 560 1940 factis
591 1907 633 1941 et
665 1901 828 1940 iudiciis
860 1902 1117 1952 prelatorum
1149 1914 1425 1947 murmurosa,
1447 1901 1480 1939 si
1513 1900 1563 1939 de
1584 1900 1813 1951 proclama-

286 1966 473 2006 tionibus
506 1972 547 2007 et
582 1968 712 2007 nimia
746 1968 965 2018 disciplina
998 1968 1133 2018 segnis
1167 1972 1208 2006 et
1242 1967 1426 2013 remissa,
1463 1966 1496 2005 si
1531 1966 1582 2005 de
1616 1966 1737 2016 nugis
1771 1970 1813 2004 et

286 2033 532 2073 levitatibus
554 2047 663 2085 vaga
686 2039 727 2073 et
750 2047 897 2080 vacua,
924 2034 957 2072 si
980 2034 1099 2073 facile
1122 2034 1329 2072 mentiens
1351 2037 1486 2071 morte
1510 2032 1647 2070 anime
1670 2031 1809 2082 digna,

287 2099 319 2137 si
338 2099 516 2139 libenter
534 2100 676 2139 iurans
696 2105 770 2139 aut
791 2100 1007 2151 periurans
1027 2100 1092 2138 cui
1112 2100 1307 2138 credatur
1326 2099 1509 2149 indigna,
1532 2098 1565 2137 si
1583 2098 1813 2149 impaciens

286 2165 340 2204 ad
369 2179 418 2205 ea
447 2179 527 2217 que
557 2167 593 2205 ei
621 2167 899 2217 iniunguntur
927 2166 1090 2204 rebellis
1119 2170 1160 2204 et
1191 2166 1346 2211 odiosa,
1378 2165 1411 2203 si
1441 2165 1492 2203 de
1521 2163 1741 2203 cantilenis
1769 2167 1811 2202 et

284 2231 385 2270 iocis
419 2233 724 2283 supersticiosa,
762 2233 795 2271 si
831 2233 882 2271 de
916 2233 1041 2271 rebus
1075 2232 1330 2271 secularibus
1364 2230 1593 2276 mundana,
1631 2230 1812 2280 denique

285 2311 365 2348 que
396 2298 450 2336 ad
481 2311 603 2338 omne
634 2312 739 2349 opus
769 2299 928 2337 bonum
958 2298 1169 2348 negligens
1199 2303 1240 2336 et
1271 2298 1403 2336 tristis
1433 2297 1559 2335 fuerit
1589 2295 1809 2342 accidiosa‚

285 2377 365 2414 que
389 2377 489 2403 vero
513 2370 712 2416 prompta
735 2369 776 2404 et
802 2365 944 2403 hilaris
967 2369 1115 2403 sancta
1139 2369 1179 2403 et
1205 2364 1362 2402 devota
1385 2376 1472 2402 esse
1497 2361 1809 2412 comprobatur.

284 2430 374 2468 Hec
399 2431 574 2469 audiens
599 2432 695 2481 fuge
719 2443 819 2477 rem,
848 2444 950 2470 cave
975 2443 1141 2469 nomen.
1199 2430 1263 2468 Ne
1289 2434 1433 2468 autem
1458 2429 1537 2467 hiis
1562 2428 1688 2478 signis
1714 2427 1810 2466 talis

284 2509 370 2535 esse
406 2497 742 2548 deprehendaris,
780 2502 870 2536 tam
906 2497 960 2535 ab
996 2497 1075 2535 hiis
1110 2509 1238 2547 quam
1275 2496 1329 2534 ab
1364 2495 1455 2534 aliis
1488 2493 1811 2545 indisciplinatis

286 2564 421 2613 (154a)
451 2563 590 2601 verbis
617 2576 662 2602 os
690 2569 812 2603 tuum
840 2568 882 2602 et
909 2563 1095 2614 linguam
1124 2562 1282 2601 solicite
1310 2561 1487 2607 custodi,
1518 2560 1701 2610 alioquin
1730 2559 1809 2598 tibi

283 2629 416 2679 magis
457 2630 681 2680 profuisset
723 2634 772 2669 ut
814 2634 856 2668 te
899 2629 954 2668 ab
995 2628 1235 2668 huiusmodi
1277 2626 1493 2678 colloquiis
1522 2626 1807 2664 abstinuisses.

284 2695 481 2734 Similiter
531 2708 626 2734 cum
675 2695 970 2747 insipientibus
1019 2699 1093 2734 aut
1144 2694 1390 2745 procacibus
1440 2693 1526 2731 sive
1575 2691 1810 2730 infantibus

335 2833 342 2850 ¹
365 2834 464 2863 Rern.
495 2834 604 2863 Serm.
633 2835 667 2864 in
694 2835 797 2865 (ant.
829 2842 927 2863 xxm*
950 2832 965 2873 ξ
992 2836 1021 2864 4.
1076 2834 1206 2871 Mignc.
1238 2833 1317 2862 l'.L.
1344 2829 1596 2860 CLXXX11189‘3.

333 2877 369 2905 2Ι
392 2878 436 2907 ml
458 2878 535 2907 (for.
562 2877 655 2907 XV³³.

331 2921 342 2939 ³
360 2921 464 2951 Mart.
490 2921 589 2951 ΧΠῊ,
