1934 3260
148 979 195 1006 10

145 1671 195 1699 20

147 2001 169 2028 ω

174 1998 195 2038 υι

266 259 314 296 24
660 244 998 285 INSTRUCTIO
1023 246 1116 284 PIE
1138 245 1380 285 VIVENDI

263 379 435 430 quidem
466 378 641 415 liberare
673 375 724 414 de
757 388 877 426 pena,
912 377 984 415 sed
1015 390 1099 415 non
1132 377 1224 415 vult
1257 389 1456 415 coronare
1487 374 1803 425 corruptam.”1

263 445 415 482 Nono:
469 442 569 494 quia
619 441 803 480 multum
853 446 916 480 est
968 442 1179 492 diligenda
1228 442 1461 492 virginitas,
1515 453 1596 491 que
1646 439 1803 490 angelis

266 509 498 548 dinoscitur
519 520 606 546 esse
627 513 809 557 cognata
829 520 836 546 2
860 507 972 546 unde
993 508 1144 547 beatus
1167 508 1401 547 Ieronimus
1422 507 1494 553 ait,
1518 505 1738 557 “profecto
1758 505 1801 544 in

265 588 388 614 carne
420 579 558 625 preter
589 586 757 612 carnem
788 573 930 612 vivere
960 586 1044 612 non
1076 578 1243 612 terrena
1272 574 1364 613 vita
1394 578 1470 619 est,
1504 572 1576 611 sed
1607 571 1799 610 celestis:

264 641 376 680 unde
411 641 452 678 in
488 652 612 679 carne
647 639 878 689 angelicam
913 639 1049 678 vitam
1084 639 1298 690 acquirere
1332 639 1469 678 maius
1504 642 1567 677 est
1602 637 1802 676 meritum

265 720 393 758 quam
428 705 655 744 habere.”2
711 706 813 744 Esse
847 705 959 744 enim
993 706 1188 755 angelum
1222 705 1437 744 felicitatis
1470 710 1546 750 est,
1583 716 1670 742 esse
1703 715 1804 741 vero

265 773 470 822 virginem
499 771 684 816 virtutis,
717 784 813 810 cum
842 771 921 809 hoc
951 771 1140 810 obtinere
1170 771 1330 809 viribus
1359 771 1511 810 nititur
1540 782 1636 808 cum
1665 768 1804 819 gratia

266 839 380 889 quod
400 838 528 876 habet
549 837 721 887 angelus
740 850 791 875 ex
811 842 966 876 natura
986 849 992 875 t
1015 842 1244 888 utrumque
1264 842 1407 876 tamen
1428 841 1470 875 et
1490 848 1578 875 esse
1598 835 1803 885 virginem

264 905 331 943 vel
363 904 559 955 angelum
591 903 724 941 divini
755 903 941 941 numinis
972 907 1035 942 est
1067 903 1252 942 officium
1283 916 1367 941 non
1400 903 1648 941 humanum.
1709 901 1802 939 Hoc

265 970 299 1009 si
337 969 527 1020 diligenti
565 981 728 1019 semper
766 969 1101 1008 consideratione
1138 969 1366 1015 mediteris,
1406 967 1630 1019 spurcitias
1667 966 1803 1005 carnis

264 1048 485 1087 nunquam
510 1035 685 1074 amabis.

264 1152 331 1183 DE
355 1150 526 1182 TACTU.
1402 1149 1691 1181 CAPITULUM
1718 1147 1798 1178 XV.

320 1201 378 1240 Ut
403 1213 500 1250 ergo
524 1199 692 1238 luxuria
716 1204 840 1238 caute
865 1199 1091 1245 devitetur,
1118 1212 1270 1238 manus
1295 1199 1349 1238 ab
1374 1199 1488 1238 omni
1512 1203 1634 1237 tactu
1656 1197 1803 1235 illicito

264 1272 306 1305 et
340 1279 463 1317 opere
495 1266 608 1304 malo
641 1269 955 1311 conserventur,
991 1270 1163 1316 propter
1196 1265 1311 1316 quod
1343 1277 1495 1304 caveas
1527 1277 1578 1303 ne
1611 1274 1802 1314 unquam

268 1332 405 1382 (158b)
443 1331 645 1383 quicquid
679 1331 850 1370 omnino
885 1331 957 1370 des
990 1332 1057 1370 vel
1091 1331 1272 1382 accipias
1305 1331 1393 1370 sive
1427 1330 1608 1382 opereris
1641 1329 1802 1380 absque

263 1398 434 1437 licentia
470 1397 705 1448 superioris
744 1410 880 1448 neque
917 1402 1068 1448 tangas
1104 1397 1287 1448 aliquem
1324 1397 1463 1435 virum
1499 1409 1548 1435 ac
1583 1395 1801 1434 mulierem

265 1464 461 1515 quamvis
484 1476 602 1502 senes
626 1468 700 1502 aut
725 1463 985 1514 propinquos
1008 1468 1178 1502 sanctos
1201 1468 1243 1502 et
1266 1463 1491 1513 religiosos,
1517 1475 1602 1500 non
1626 1473 1802 1500 manum

265 1529 521 1580 stringendo,
553 1542 638 1567 non
668 1529 831 1575 faciem,
863 1542 948 1567 non
978 1529 1174 1575 frontem,
1207 1542 1290 1567 non
1322 1542 1378 1575 os,
1411 1542 1496 1567 non
1526 1528 1692 1573 collum,
1725 1539 1802 1565 nec

265 1602 424 1647 pectus,
464 1608 548 1633 non
587 1595 767 1646 denique
805 1595 977 1647 aliquod
1013 1595 1252 1634 membrum
1289 1595 1376 1633 sive
1414 1598 1580 1646 partem
1617 1592 1802 1644 corporis

264 1662 353 1700 eius
381 1661 678 1711 contingendo.
738 1662 794 1699 Et
824 1661 940 1712 quod
968 1661 1090 1700 alteri
1117 1661 1234 1700 nullo
1262 1661 1389 1700 modo
1418 1660 1533 1707 facis,
1565 1672 1668 1698 cave
1696 1671 1748 1697 ne
1778 1671 1803 1696 a

265 1740 482 1779 quoquam
518 1727 630 1766 idem
666 1727 746 1765 tibi
782 1727 973 1778 paciaris.
1031 1727 1141 1766 Nolo
1178 1727 1305 1766 michi
1343 1727 1469 1773 dicas,
1510 1727 1638 1764 “non
1675 1724 1803 1763 michi

264 1798 400 1839 nocet,
443 1798 485 1832 et
525 1806 609 1831 non
649 1793 833 1832 multum
873 1806 985 1839 curo,
1027 1793 1128 1844 quia
1167 1793 1323 1832 bonam
1363 1792 1664 1831 conscientiam
1703 1790 1802 1829 inde

264 1859 444 1898 habeo.”
503 1859 569 1897 Ad
591 1858 706 1909 quod
726 1859 806 1898 tibi
844 1859 1090 1910 respondeo,
1116 1860 1139 1873 ‘¹
1159 1859 1238 1898 etsi
1259 1872 1344 1898 non
1365 1863 1489 1897 nocet
1510 1858 1602 1904 tibi,
1626 1856 1805 1896 forsitan

265 1930 388 1964 nocet
418 1925 476 1963 illi
504 1925 571 1963 vel
600 1925 721 1963 alteri
750 1924 823 1976 qui
851 1925 930 1963 hoc
958 1925 1088 1971 videt,
1120 1930 1162 1964 et
1190 1925 1287 1963 inde
1316 1925 1472 1963 malam
1502 1922 1804 1962 conscientiam

265 1991 439 2030 habet.’'
499 1990 623 2041 Quod
640 1990 673 2028 si
690 1990 848 2029 nemini
865 1995 1001 2033 nocet,
1023 1991 1180 2041 species
1198 1996 1342 2030 tamen
1360 1991 1473 2029 mala
1491 1994 1553 2029 est
1572 1994 1614 2028 et
1633 1988 1806 2028 omnino

266 2057 469 2097 cavenda.
528 2057 758 2107 Apostolus
816 2056 928 2095 enim
988 2056 1102 2103 dicit,
1167 2057 1264 2095 “ab
1324 2056 1438 2095 omni
1496 2056 1609 2094 mala
1667 2054 1803 2105 specie

266 2123 477 2163 abstinete
503 2122 653 2168 VOS‚'’³
679 2135 727 2161 ac
754 2122 788 2161 si
815 2122 929 2162 dicat
956 2135 1040 2161 non
1068 2122 1203 2161 solum
1231 2122 1285 2161 ab
1312 2122 1427 2161 omni
1453 2134 1577 2173 opere
1603 2121 1716 2159 malo
1743 2123 1806 2159 est

267 2189 517 2234 cavendum,
556 2201 705 2227 verum
741 2188 871 2227 etiam
907 2189 962 2227 ab
999 2188 1114 2227 omni
1150 2188 1285 2239 specie
1322 2188 1435 2227 mala
1471 2186 1801 2226 abstinendum:

267 2255 469 2307 quoniam
500 2254 543 2292 in
575 2267 660 2305 quo
692 2254 936 2305 quempiam
968 2254 1230 2293 scandalizas
1260 2258 1304 2293 te
1334 2254 1471 2305 ipsam
1503 2253 1801 2303 condempnas,

267 2325 439 2373 propter
472 2320 587 2371 quod
618 2320 749 2359 etiam
781 2320 1092 2372 aliquocunque
1123 2320 1215 2359 loco
1247 2333 1467 2371 nunquam
1500 2319 1555 2358 sis
1587 2319 1675 2357 sola
1707 2330 1805 2356 cum

267 2388 366 2433 solo,
392 2386 588 2437 quamvis
608 2390 757 2425 sancto
779 2390 821 2425 et
841 2386 1045 2437 religioso,
1070 2386 1138 2425 vel
1159 2386 1301 2437 aliqua
1322 2386 1530 2425 affinitate
1552 2383 1802 2436 propinquo.

266 2453 364 2491 Noli
393 2465 562 2503 quoque
590 2452 770 2491 libenter
799 2451 918 2502 signa
946 2452 1240 2503 multiplicare,
1272 2451 1372 2503 quia
1401 2452 1480 2490 hoc
1509 2455 1573 2490 est
1601 2449 1805 2489 indicium

266 2531 400 2557 vacue
424 2517 618 2556 monialis
642 2522 685 2557 et
708 2518 879 2568 lingose.
937 2518 1086 2569 Neque
1110 2518 1220 2557 inter
1245 2518 1364 2568 signa
1388 2517 1475 2556 sive
1501 2517 1604 2556 alias
1627 2515 1806 2555 verbum

267 2584 439 2636 aliquod
470 2584 538 2622 vel
570 2583 740 2622 sillabas
771 2583 990 2635 unquam4
1021 2583 1220 2634 proferas,
1255 2583 1442 2635 alioquin
1474 2587 1518 2622 te
1549 2594 1730 2621 vacuam
1763 2584 1806 2620 et

267 2650 406 2689 minus
434 2649 678 2688 timoratam
709 2649 974 2689 demonstras
1002 2662 1102 2688 esse.
1160 2649 1249 2688 Nec
1276 2662 1467 2700 unquam
1495 2661 1591 2688 cum
1618 2646 1802 2699 loqueris

317 2743 329 2762 1
344 2743 443 2774 Hier.
464 2743 581 2783 Epist.
605 2750 694 2773 xxn
713 2742 729 2784 §
748 2744 779 2778 5,
801 2743 933 2783 Migne,
955 2743 1039 2774 P.L.
1065 2741 1214 2774 XX11397.

269 2786 430 2864 ἓξὲξ-,135
457 2787 486 2818 is
514 2788 673 2827 perhaps
702 2797 724 2818 a
750 2788 848 2818 loose
876 2788 1058 2819 reference
1087 2790 1127 2818 to
1157 2786 1256 2818 Hier.
1288 2786 1405 2828 Epist.
1437 2784 1529 2822 L1v⁹,
1560 2785 1680 2825 Migne
1710 2782 1795 2814 P.L.

316 2876 329 2895 ³
343 2883 355 2904 1
377 2875 423 2906 ad
445 2874 568 2905 Thess.
592 2872 659 2906 v²².

315 2920 329 2939 ⁴²
343 2919 408 2950 ΜΞ.
431 2926 624 2958 nunquam
