<?xml version="1.0" encoding="UTF-8"?>
<!DOCTYPE html PUBLIC "-//W3C//DTD XHTML 1.0 Transitional//EN"
    "http://www.w3.org/TR/xhtml1/DTD/xhtml1-transitional.dtd">
<html xmlns="http://www.w3.org/1999/xhtml" xml:lang="en" lang="en">
 <head>
  <title>
</title>
<meta http-equiv="Content-Type" content="text/html;charset=utf-8" />
  <meta name='ocr-system' content='tesseract 3.04.00' />
  <meta name='ocr-capabilities' content='ocr_page ocr_carea ocr_par ocr_line ocrx_word'/>
</head>
<body>
  <div class='ocr_page' id='page_1' title='image "./instructiopieviv01brituoft/instructiopieviv01brituoft_0092.png"; bbox 0 0 2001 3250; ppageno 0'>
   <div class='ocr_carea' id='block_1_1' title="bbox 109 976 155 1005">
    <p class='ocr_par' dir='ltr' id='par_1_1' title="bbox 109 976 155 1005">
     <span class='ocr_line' id='line_1_1' title="bbox 109 976 155 1005; baseline 0.043 -2"><span class='ocrx_word' id='word_1_1' title='bbox 109 976 155 1005; x_wconf 83' lang='lat'>10</span> 
     </span>
    </p>
   </div>
   <div class='ocr_carea' id='block_1_2' title="bbox 108 1302 156 1342">
    <p class='ocr_par' dir='ltr' id='par_1_2' title="bbox 108 1302 156 1342">
     <span class='ocr_line' id='line_1_2' title="bbox 108 1302 156 1342; baseline 0 0"><span class='ocrx_word' id='word_1_2' title='bbox 108 1302 156 1342; x_wconf 84' lang='lat'>15</span> 
     </span>
    </p>
   </div>
   <div class='ocr_carea' id='block_1_3' title="bbox 103 1632 154 1661">
    <p class='ocr_par' dir='ltr' id='par_1_3' title="bbox 103 1632 154 1661">
     <span class='ocr_line' id='line_1_3' title="bbox 103 1632 154 1661; baseline 0 0"><span class='ocrx_word' id='word_1_3' title='bbox 103 1632 154 1661; x_wconf 82' lang='lat'>20</span> 
     </span>
    </p>
   </div>
   <div class='ocr_carea' id='block_1_4' title="bbox 103 1958 154 1998">
    <p class='ocr_par' dir='ltr' id='par_1_4' title="bbox 103 1958 154 1998">
     <span class='ocr_line' id='line_1_4' title="bbox 103 1958 154 1998; baseline 0 0"><span class='ocrx_word' id='word_1_4' title='bbox 103 1958 154 1998; x_wconf 75' lang='lat'>25</span> 
     </span>
    </p>
   </div>
   <div class='ocr_carea' id='block_1_5' title="bbox 103 2287 153 2326">
    <p class='ocr_par' dir='ltr' id='par_1_5' title="bbox 103 2287 153 2326">
     <span class='ocr_line' id='line_1_5' title="bbox 103 2287 153 2326; baseline 0 -9"><span class='ocrx_word' id='word_1_5' title='bbox 103 2287 153 2326; x_wconf 88' lang='lat'>30</span> 
     </span>
    </p>
   </div>
   <div class='ocr_carea' id='block_1_6' title="bbox 106 2613 156 2654">
    <p class='ocr_par' dir='ltr' id='par_1_6' title="bbox 106 2613 156 2654">
     <span class='ocr_line' id='line_1_6' title="bbox 106 2613 156 2654; baseline 0 0"><span class='ocrx_word' id='word_1_6' title='bbox 106 2613 156 2654; x_wconf 87' lang='grc'>35</span> 
     </span>
    </p>
   </div>
   <div class='ocr_carea' id='block_1_7' title="bbox 221 234 1346 294">
    <p class='ocr_par' dir='ltr' id='par_1_7' title="bbox 221 234 1346 294">
     <span class='ocr_line' id='line_1_7' title="bbox 221 234 1346 294; baseline -0.009 -13"><span class='ocrx_word' id='word_1_7' title='bbox 221 254 273 294; x_wconf 83' lang='grc'>72</span> <span class='ocrx_word' id='word_1_8' title='bbox 620 237 960 278; x_wconf 65' lang='lat' dir='ltr'><strong>INSTRUCTIO</strong></span> <span class='ocrx_word' id='word_1_9' title='bbox 985 235 1079 273; x_wconf 89' lang='lat' dir='ltr'>PIE</span> <span class='ocrx_word' id='word_1_10' title='bbox 1101 234 1346 273; x_wconf 85' lang='lat' dir='ltr'>VIVENDI</span> 
     </span>
    </p>
   </div>
   <div class='ocr_carea' id='block_1_8' title="bbox 219 363 1762 2856">
    <p class='ocr_par' dir='ltr' id='par_1_8' title="bbox 219 363 1762 2856">
     <span class='ocr_line' id='line_1_8' title="bbox 223 363 1757 417; baseline -0.007 -5"><span class='ocrx_word' id='word_1_11' title='bbox 223 373 337 413; x_wconf 85' lang='lat' dir='ltr'>tione</span> <span class='ocrx_word' id='word_1_12' title='bbox 372 370 590 411; x_wconf 85' lang='lat' dir='ltr'>hominum</span> <span class='ocrx_word' id='word_1_13' title='bbox 624 368 795 407; x_wconf 88' lang='lat' dir='ltr'>omnino</span> <span class='ocrx_word' id='word_1_14' title='bbox 827 371 992 406; x_wconf 90' lang='lat' dir='ltr'>remota</span> <span class='ocrx_word' id='word_1_15' title='bbox 1024 366 1252 417; x_wconf 69' lang='lat' dir='ltr'>petenteS,1</span> <span class='ocrx_word' id='word_1_16' title='bbox 1285 365 1461 417; x_wconf 89' lang='lat' dir='ltr'>quidam</span> <span class='ocrx_word' id='word_1_17' title='bbox 1494 364 1681 415; x_wconf 89' lang='lat' dir='ltr'>ipsorum</span> <span class='ocrx_word' id='word_1_18' title='bbox 1714 363 1757 402; x_wconf 93' lang='lat' dir='ltr'>in</span> 
     </span>
     <span class='ocr_line' id='line_1_9' title="bbox 223 428 1760 482; baseline -0.006 -5"><span class='ocrx_word' id='word_1_19' title='bbox 223 437 408 478; x_wconf 87' lang='lat' dir='ltr'>cenobiis</span> <span class='ocrx_word' id='word_1_20' title='bbox 431 449 528 475; x_wconf 90' lang='lat' dir='ltr'>cum</span> <span class='ocrx_word' id='word_1_21' title='bbox 552 435 643 474; x_wconf 90' lang='lat' dir='ltr'>aliis</span> <span class='ocrx_word' id='word_1_22' title='bbox 667 433 783 472; x_wconf 91' lang='lat' dir='ltr'>omni</span> <span class='ocrx_word' id='word_1_23' title='bbox 806 431 1049 471; x_wconf 81' lang='lat' dir='ltr'>obedientia</span> <span class='ocrx_word' id='word_1_24' title='bbox 1072 430 1277 482; x_wconf 81' lang='lat' dir='ltr'>superiori</span> <span class='ocrx_word' id='word_1_25' title='bbox 1300 444 1342 470; x_wconf 91' lang='lat' dir='ltr'>se</span> <span class='ocrx_word' id='word_1_26' title='bbox 1367 430 1661 477; x_wconf 89' lang='lat' dir='ltr'>subdiderunt,</span> <span class='ocrx_word' id='word_1_27' title='bbox 1688 428 1760 468; x_wconf 88' lang='lat' dir='ltr'>alii</span> 
     </span>
     <span class='ocr_line' id='line_1_10' title="bbox 225 496 1756 553; baseline -0.006 -10"><span class='ocrx_word' id='word_1_28' title='bbox 225 505 266 543; x_wconf 88' lang='lat' dir='ltr'>in</span> <span class='ocrx_word' id='word_1_29' title='bbox 304 502 511 553; x_wconf 77' lang='lat' dir='ltr'>speluncis</span> <span class='ocrx_word' id='word_1_30' title='bbox 547 504 588 539; x_wconf 90' lang='lat' dir='ltr'>et</span> <span class='ocrx_word' id='word_1_31' title='bbox 628 499 765 551; x_wconf 77' lang='lat' dir='ltr'>(198b)</span> <span class='ocrx_word' id='word_1_32' title='bbox 806 498 996 537; x_wconf 90' lang='lat' dir='ltr'>cavernis</span> <span class='ocrx_word' id='word_1_33' title='bbox 1032 510 1080 536; x_wconf 89' lang='lat' dir='ltr'>ac</span> <span class='ocrx_word' id='word_1_34' title='bbox 1116 497 1292 536; x_wconf 90' lang='lat' dir='ltr'>modicis</span> <span class='ocrx_word' id='word_1_35' title='bbox 1328 497 1486 536; x_wconf 85' lang='lat' dir='ltr'>cellulis</span> <span class='ocrx_word' id='word_1_36' title='bbox 1522 496 1756 542; x_wconf 77' lang='lat' dir='ltr'>latitantes,</span> 
     </span>
     <span class='ocr_line' id='line_1_11' title="bbox 225 562 1760 617; baseline -0.005 -9"><span class='ocrx_word' id='word_1_37' title='bbox 225 569 436 608; x_wconf 77' lang='lat' dir='ltr'>radicibus</span> <span class='ocrx_word' id='word_1_38' title='bbox 464 565 744 617; x_wconf 90' lang='lat' dir='ltr'>leguminibus</span> <span class='ocrx_word' id='word_1_39' title='bbox 774 564 912 603; x_wconf 80' lang='lat' dir='ltr'>herbis</span> <span class='ocrx_word' id='word_1_40' title='bbox 941 563 1204 602; x_wconf 86' lang='lat' dir='ltr'>silvestribus</span> <span class='ocrx_word' id='word_1_41' title='bbox 1233 564 1300 602; x_wconf 85' lang='lat' dir='ltr'>vel</span> <span class='ocrx_word' id='word_1_42' title='bbox 1329 562 1496 601; x_wconf 91' lang='lat' dir='ltr'>modico</span> <span class='ocrx_word' id='word_1_43' title='bbox 1525 574 1633 613; x_wconf 91' lang='lat' dir='ltr'>pane</span> <span class='ocrx_word' id='word_1_44' title='bbox 1662 574 1760 600; x_wconf 90' lang='lat' dir='ltr'>cum</span> 
     </span>
     <span class='ocr_line' id='line_1_12' title="bbox 226 627 1761 685; baseline -0.005 -12"><span class='ocrx_word' id='word_1_45' title='bbox 226 648 338 685; x_wconf 84' lang='lat' dir='ltr'>aqua</span> <span class='ocrx_word' id='word_1_46' title='bbox 376 634 512 672; x_wconf 86' lang='lat' dir='ltr'>vitam</span> <span class='ocrx_word' id='word_1_47' title='bbox 552 644 672 670; x_wconf 90' lang='lat' dir='ltr'>suam</span> <span class='ocrx_word' id='word_1_48' title='bbox 712 629 1096 676; x_wconf 86' lang='lat' dir='ltr'>sustentaverunt,2</span> <span class='ocrx_word' id='word_1_49' title='bbox 1150 634 1192 668; x_wconf 93' lang='lat' dir='ltr'>et</span> <span class='ocrx_word' id='word_1_50' title='bbox 1233 642 1366 680; x_wconf 86' lang='lat' dir='ltr'>usque</span> <span class='ocrx_word' id='word_1_51' title='bbox 1407 629 1461 667; x_wconf 91' lang='lat' dir='ltr'>ad</span> <span class='ocrx_word' id='word_1_52' title='bbox 1501 627 1761 678; x_wconf 81' lang='lat' dir='ltr'>decrepitam</span> 
     </span>
     <span class='ocr_line' id='line_1_13' title="bbox 225 693 1758 745; baseline -0.005 -6"><span class='ocrx_word' id='word_1_53' title='bbox 225 705 396 745; x_wconf 84' lang='lat' dir='ltr'>etatem,</span> <span class='ocrx_word' id='word_1_54' title='bbox 433 699 542 737; x_wconf 89' lang='lat' dir='ltr'>sicut</span> <span class='ocrx_word' id='word_1_55' title='bbox 576 697 727 735; x_wconf 88' lang='lat' dir='ltr'>beatus</span> <span class='ocrx_word' id='word_1_56' title='bbox 762 696 930 742; x_wconf 84' lang='lat' dir='ltr'>Paulus,</span> <span class='ocrx_word' id='word_1_57' title='bbox 967 695 1221 741; x_wconf 84' lang='lat' dir='ltr'>Anthonius,</span> <span class='ocrx_word' id='word_1_58' title='bbox 1258 695 1470 740; x_wconf 88' lang='lat' dir='ltr'>Arsenius,</span> <span class='ocrx_word' id='word_1_59' title='bbox 1507 693 1758 740; x_wconf 90' lang='lat' dir='ltr'>Macharius,</span> 
     </span>
     <span class='ocr_line' id='line_1_14' title="bbox 226 761 1758 816; baseline -0.004 -12"><span class='ocrx_word' id='word_1_60' title='bbox 226 765 431 816; x_wconf 83' lang='lat' dir='ltr'>Hylarion</span> <span class='ocrx_word' id='word_1_61' title='bbox 464 768 506 803; x_wconf 92' lang='lat' dir='ltr'>et</span> <span class='ocrx_word' id='word_1_62' title='bbox 540 763 679 814; x_wconf 88' lang='lat' dir='ltr'>plures</span> <span class='ocrx_word' id='word_1_63' title='bbox 711 762 782 801; x_wconf 91' lang='lat' dir='ltr'>alii</span> <span class='ocrx_word' id='word_1_64' title='bbox 813 762 856 800; x_wconf 92' lang='lat' dir='ltr'>in</span> <span class='ocrx_word' id='word_1_65' title='bbox 889 766 981 800; x_wconf 86' lang='lat' dir='ltr'>tam</span> <span class='ocrx_word' id='word_1_66' title='bbox 1012 761 1146 800; x_wconf 89' lang='lat' dir='ltr'>arduo</span> <span class='ocrx_word' id='word_1_67' title='bbox 1178 761 1397 812; x_wconf 91' lang='lat' dir='ltr'>proposito</span> <span class='ocrx_word' id='word_1_68' title='bbox 1428 763 1758 812; x_wconf 85' lang='lat' dir='ltr'>perseverantes,</span> 
     </span>
     <span class='ocr_line' id='line_1_15' title="bbox 224 826 1759 881; baseline -0.004 -11"><span class='ocrx_word' id='word_1_69' title='bbox 224 832 481 881; x_wconf 88' lang='lat' dir='ltr'>voluptates,</span> <span class='ocrx_word' id='word_1_70' title='bbox 532 828 716 875; x_wconf 86' lang='lat' dir='ltr'>divitias,</span> <span class='ocrx_word' id='word_1_71' title='bbox 768 829 948 866; x_wconf 82' lang='lat' dir='ltr'>honores</span> <span class='ocrx_word' id='word_1_72' title='bbox 995 831 1038 866; x_wconf 88' lang='lat' dir='ltr'>et</span> <span class='ocrx_word' id='word_1_73' title='bbox 1088 831 1228 866; x_wconf 86' lang='lat' dir='ltr'>cetera</span> <span class='ocrx_word' id='word_1_74' title='bbox 1277 826 1405 866; x_wconf 89' lang='lat' dir='ltr'>seculi</span> <span class='ocrx_word' id='word_1_75' title='bbox 1453 826 1759 871; x_wconf 90' lang='lat' dir='ltr'>blandimenta,</span> 
     </span>
     <span class='ocr_line' id='line_1_16' title="bbox 224 893 1761 945; baseline -0.003 -10"><span class='ocrx_word' id='word_1_76' title='bbox 224 897 429 935; x_wconf 86' lang='lat' dir='ltr'>inviolata</span> <span class='ocrx_word' id='word_1_77' title='bbox 452 895 533 934; x_wconf 89' lang='lat' dir='ltr'>fide</span> <span class='ocrx_word' id='word_1_78' title='bbox 557 897 864 945; x_wconf 86' lang='lat' dir='ltr'>superaverunt</span> <span class='ocrx_word' id='word_1_79' title='bbox 885 906 892 932; x_wconf 89' lang='lat'>:</span> <span class='ocrx_word' id='word_1_80' title='bbox 918 906 1049 944; x_wconf 90' lang='lat' dir='ltr'>quam</span> <span class='ocrx_word' id='word_1_81' title='bbox 1072 893 1244 944; x_wconf 90' lang='lat' dir='ltr'>quidem</span> <span class='ocrx_word' id='word_1_82' title='bbox 1267 893 1446 931; x_wconf 90' lang='lat' dir='ltr'>arduam</span> <span class='ocrx_word' id='word_1_83' title='bbox 1468 896 1511 931; x_wconf 93' lang='lat' dir='ltr'>et</span> <span class='ocrx_word' id='word_1_84' title='bbox 1535 895 1761 942; x_wconf 83' lang='lat' dir='ltr'>angustam</span> 
     </span>
     <span class='ocr_line' id='line_1_17' title="bbox 224 956 1762 1011; baseline -0.004 -10"><span class='ocrx_word' id='word_1_85' title='bbox 224 963 359 1001; x_wconf 88' lang='lat' dir='ltr'>vitam</span> <span class='ocrx_word' id='word_1_86' title='bbox 382 966 505 1001; x_wconf 87' lang='lat' dir='ltr'>tanto</span> <span class='ocrx_word' id='word_1_87' title='bbox 528 966 718 1011; x_wconf 91' lang='lat' dir='ltr'>tempore</span> <span class='ocrx_word' id='word_1_88' title='bbox 740 960 984 998; x_wconf 91' lang='lat' dir='ltr'>nullatenus</span> <span class='ocrx_word' id='word_1_89' title='bbox 1006 959 1211 998; x_wconf 83' lang='lat' dir='ltr'>sustinere</span> <span class='ocrx_word' id='word_1_90' title='bbox 1233 959 1479 1004; x_wconf 88' lang='lat' dir='ltr'>voluissent,</span> <span class='ocrx_word' id='word_1_91' title='bbox 1505 957 1585 996; x_wconf 91' lang='lat' dir='ltr'>nisi</span> <span class='ocrx_word' id='word_1_92' title='bbox 1607 956 1762 996; x_wconf 87' lang='lat' dir='ltr'>divinis</span> 
     </span>
     <span class='ocr_line' id='line_1_18' title="bbox 224 1023 1760 1067; baseline -0.003 0"><span class='ocrx_word' id='word_1_93' title='bbox 224 1027 582 1067; x_wconf 75' lang='lat' dir='ltr'>consolationibus</span> <span class='ocrx_word' id='word_1_94' title='bbox 611 1025 944 1065; x_wconf 86' lang='lat' dir='ltr'>revelationibus</span> <span class='ocrx_word' id='word_1_95' title='bbox 974 1029 1017 1064; x_wconf 92' lang='lat' dir='ltr'>et</span> <span class='ocrx_word' id='word_1_96' title='bbox 1049 1025 1368 1064; x_wconf 82' lang='lat' dir='ltr'>visitationibus</span> <span class='ocrx_word' id='word_1_97' title='bbox 1399 1024 1536 1063; x_wconf 90' lang='lat' dir='ltr'>adiuti</span> <span class='ocrx_word' id='word_1_98' title='bbox 1568 1023 1760 1062; x_wconf 83' lang='lat' dir='ltr'>fuissent.</span> 
     </span>
     <span class='ocr_line' id='line_1_19' title="bbox 225 1090 1762 1145; baseline -0.003 -13"><span class='ocrx_word' id='word_1_99' title='bbox 225 1094 409 1145; x_wconf 72' lang='lat' dir='ltr'>Quinto:</span> <span class='ocrx_word' id='word_1_100' title='bbox 439 1093 539 1144; x_wconf 91' lang='lat' dir='ltr'>quia</span> <span class='ocrx_word' id='word_1_101' title='bbox 564 1092 741 1144; x_wconf 89' lang='lat' dir='ltr'>preclari</span> <span class='ocrx_word' id='word_1_102' title='bbox 765 1091 925 1130; x_wconf 89' lang='lat' dir='ltr'>literati</span> <span class='ocrx_word' id='word_1_103' title='bbox 951 1091 1127 1130; x_wconf 90' lang='lat' dir='ltr'>subtiles</span> <span class='ocrx_word' id='word_1_104' title='bbox 1152 1095 1194 1130; x_wconf 94' lang='lat' dir='ltr'>et</span> <span class='ocrx_word' id='word_1_105' title='bbox 1222 1090 1446 1142; x_wconf 89' lang='lat' dir='ltr'>sapientes,</span> <span class='ocrx_word' id='word_1_106' title='bbox 1475 1090 1584 1128; x_wconf 90' lang='lat' dir='ltr'>sicut</span> <span class='ocrx_word' id='word_1_107' title='bbox 1610 1090 1762 1128; x_wconf 88' lang='lat' dir='ltr'>beatus</span> 
     </span>
     <span class='ocr_line' id='line_1_20' title="bbox 223 1155 1762 1208; baseline -0.003 -10"><span class='ocrx_word' id='word_1_108' title='bbox 223 1159 482 1205; x_wconf 89' lang='lat' dir='ltr'>Ambrosius,</span> <span class='ocrx_word' id='word_1_109' title='bbox 525 1158 771 1204; x_wconf 88' lang='lat' dir='ltr'>Ieronimus,</span> <span class='ocrx_word' id='word_1_110' title='bbox 813 1157 1049 1208; x_wconf 86' lang='lat' dir='ltr'>Gregorius,</span> <span class='ocrx_word' id='word_1_111' title='bbox 1091 1157 1333 1196; x_wconf 87' lang='lat' dir='ltr'>Bernardus</span> <span class='ocrx_word' id='word_1_112' title='bbox 1371 1160 1413 1195; x_wconf 93' lang='lat' dir='ltr'>et</span> <span class='ocrx_word' id='word_1_113' title='bbox 1453 1169 1526 1207; x_wconf 90' lang='lat' dir='ltr'>pre</span> <span class='ocrx_word' id='word_1_114' title='bbox 1565 1155 1762 1194; x_wconf 90' lang='lat' dir='ltr'>omnibus</span> 
     </span>
     <span class='ocr_line' id='line_1_21' title="bbox 224 1222 1762 1275; baseline -0.003 -11"><span class='ocrx_word' id='word_1_115' title='bbox 224 1225 486 1275; x_wconf 80' lang='lat' dir='ltr'>Augustinus</span> <span class='ocrx_word' id='word_1_116' title='bbox 527 1237 576 1263; x_wconf 87' lang='lat' dir='ltr'>ac</span> <span class='ocrx_word' id='word_1_117' title='bbox 618 1224 758 1275; x_wconf 90' lang='lat' dir='ltr'>plures</span> <span class='ocrx_word' id='word_1_118' title='bbox 800 1223 871 1262; x_wconf 91' lang='lat' dir='ltr'>alii</span> <span class='ocrx_word' id='word_1_119' title='bbox 913 1222 1147 1262; x_wconf 85' lang='lat' dir='ltr'>doctissimi</span> <span class='ocrx_word' id='word_1_120' title='bbox 1188 1222 1269 1261; x_wconf 89' lang='lat' dir='ltr'>viri</span> <span class='ocrx_word' id='word_1_121' title='bbox 1310 1222 1498 1261; x_wconf 86' lang='lat' dir='ltr'>diversas</span> <span class='ocrx_word' id='word_1_122' title='bbox 1540 1226 1677 1260; x_wconf 91' lang='lat' dir='ltr'>sectas</span> <span class='ocrx_word' id='word_1_123' title='bbox 1718 1224 1762 1260; x_wconf 90' lang='lat' dir='ltr'>et</span> 
     </span>
     <span class='ocr_line' id='line_1_22' title="bbox 224 1287 1761 1342; baseline -0.003 -12"><span class='ocrx_word' id='word_1_124' title='bbox 224 1296 417 1330; x_wconf 86' lang='lat' dir='ltr'>auctores</span> <span class='ocrx_word' id='word_1_125' title='bbox 462 1290 740 1342; x_wconf 88' lang='lat' dir='ltr'>plurimorum</span> <span class='ocrx_word' id='word_1_126' title='bbox 788 1289 1039 1340; x_wconf 88' lang='lat' dir='ltr'>dogmatum</span> <span class='ocrx_word' id='word_1_127' title='bbox 1086 1302 1135 1328; x_wconf 89' lang='lat' dir='ltr'>ac</span> <span class='ocrx_word' id='word_1_128' title='bbox 1181 1289 1322 1328; x_wconf 83' lang='lat' dir='ltr'>varias</span> <span class='ocrx_word' id='word_1_129' title='bbox 1368 1287 1584 1326; x_wconf 77' lang='lat' dir='ltr'>doctrinas</span> <span class='ocrx_word' id='word_1_130' title='bbox 1630 1287 1761 1326; x_wconf 88' lang='lat' dir='ltr'>etiam</span> 
     </span>
     <span class='ocr_line' id='line_1_23' title="bbox 224 1353 1761 1408; baseline -0.003 -12"><span class='ocrx_word' id='word_1_131' title='bbox 224 1357 498 1408; x_wconf 81' lang='lat' dir='ltr'>fatigabiliter</span> <span class='ocrx_word' id='word_1_132' title='bbox 546 1360 874 1407; x_wconf 87' lang='lat' dir='ltr'>perscrutantes,</span> <span class='ocrx_word' id='word_1_133' title='bbox 925 1360 969 1395; x_wconf 92' lang='lat' dir='ltr'>et</span> <span class='ocrx_word' id='word_1_134' title='bbox 1019 1355 1241 1406; x_wconf 88' lang='lat' dir='ltr'>diligenter</span> <span class='ocrx_word' id='word_1_135' title='bbox 1290 1367 1340 1394; x_wconf 90' lang='lat' dir='ltr'>ac</span> <span class='ocrx_word' id='word_1_136' title='bbox 1389 1353 1614 1393; x_wconf 88' lang='lat' dir='ltr'>salubriter</span> <span class='ocrx_word' id='word_1_137' title='bbox 1663 1366 1761 1392; x_wconf 90' lang='lat' dir='ltr'>con-</span> 
     </span>
     <span class='ocr_line' id='line_1_24' title="bbox 223 1419 1762 1472; baseline -0.003 -10"><span class='ocrx_word' id='word_1_138' title='bbox 223 1423 467 1469; x_wconf 90' lang='lat' dir='ltr'>siderantes,</span> <span class='ocrx_word' id='word_1_139' title='bbox 490 1422 709 1461; x_wconf 89' lang='lat' dir='ltr'>universas</span> <span class='ocrx_word' id='word_1_140' title='bbox 730 1426 939 1472; x_wconf 88' lang='lat' dir='ltr'>tanquam</span> <span class='ocrx_word' id='word_1_141' title='bbox 958 1421 1166 1460; x_wconf 86' lang='lat' dir='ltr'>hereticas</span> <span class='ocrx_word' id='word_1_142' title='bbox 1186 1425 1229 1460; x_wconf 90' lang='lat' dir='ltr'>et</span> <span class='ocrx_word' id='word_1_143' title='bbox 1251 1434 1276 1460; x_wconf 93' lang='lat' dir='ltr'>a</span> <span class='ocrx_word' id='word_1_144' title='bbox 1296 1433 1398 1459; x_wconf 90' lang='lat' dir='ltr'>vera</span> <span class='ocrx_word' id='word_1_145' title='bbox 1418 1420 1500 1458; x_wconf 90' lang='lat' dir='ltr'>fide</span> <span class='ocrx_word' id='word_1_146' title='bbox 1522 1419 1762 1471; x_wconf 86' lang='lat' dir='ltr'>peregrinas</span> 
     </span>
     <span class='ocr_line' id='line_1_25' title="bbox 222 1486 1758 1540; baseline -0.003 -13"><span class='ocrx_word' id='word_1_147' title='bbox 222 1489 654 1540; x_wconf 84' lang='lat' dir='ltr'>condempnaverunt,</span> <span class='ocrx_word' id='word_1_148' title='bbox 671 1488 804 1527; x_wconf 90' lang='lat' dir='ltr'>solam</span> <span class='ocrx_word' id='word_1_149' title='bbox 818 1500 918 1526; x_wconf 87' lang='lat' dir='ltr'>vero</span> <span class='ocrx_word' id='word_1_150' title='bbox 930 1487 1056 1526; x_wconf 89' lang='lat' dir='ltr'>fidem</span> <span class='ocrx_word' id='word_1_151' title='bbox 1069 1487 1238 1526; x_wconf 85' lang='lat' dir='ltr'>ecclesie</span> <span class='ocrx_word' id='word_1_152' title='bbox 1251 1499 1396 1526; x_wconf 89' lang='lat' dir='ltr'>veram</span> <span class='ocrx_word' id='word_1_153' title='bbox 1409 1499 1497 1525; x_wconf 92' lang='lat' dir='ltr'>esse</span> <span class='ocrx_word' id='word_1_154' title='bbox 1510 1486 1758 1531; x_wconf 90' lang='lat' dir='ltr'>docuerunt,</span> 
     </span>
     <span class='ocr_line' id='line_1_26' title="bbox 222 1552 1762 1605; baseline -0.003 -12"><span class='ocrx_word' id='word_1_155' title='bbox 222 1559 263 1593; x_wconf 91' lang='lat' dir='ltr'>et</span> <span class='ocrx_word' id='word_1_156' title='bbox 299 1568 374 1605; x_wconf 93' lang='lat' dir='ltr'>pro</span> <span class='ocrx_word' id='word_1_157' title='bbox 407 1554 537 1605; x_wconf 89' lang='lat' dir='ltr'>ipsius</span> <span class='ocrx_word' id='word_1_158' title='bbox 570 1554 752 1593; x_wconf 90' lang='lat' dir='ltr'>tuitione</span> <span class='ocrx_word' id='word_1_159' title='bbox 785 1558 934 1592; x_wconf 88' lang='lat' dir='ltr'>contra</span> <span class='ocrx_word' id='word_1_160' title='bbox 965 1554 1154 1592; x_wconf 88' lang='lat' dir='ltr'>infideles</span> <span class='ocrx_word' id='word_1_161' title='bbox 1187 1558 1229 1592; x_wconf 87' lang='lat' dir='ltr'>et</span> <span class='ocrx_word' id='word_1_162' title='bbox 1263 1552 1470 1592; x_wconf 85' lang='lat' dir='ltr'>hereticos</span> <span class='ocrx_word' id='word_1_163' title='bbox 1503 1552 1762 1590; x_wconf 90' lang='lat' dir='ltr'>incessanter</span> 
     </span>
     <span class='ocr_line' id='line_1_27' title="bbox 223 1616 1758 1671; baseline -0.003 -12"><span class='ocrx_word' id='word_1_164' title='bbox 223 1621 559 1665; x_wconf 83' lang='lat' dir='ltr'>decertaverunt,</span> <span class='ocrx_word' id='word_1_165' title='bbox 583 1624 712 1671; x_wconf 90' lang='lat' dir='ltr'>atque</span> <span class='ocrx_word' id='word_1_166' title='bbox 732 1633 826 1658; x_wconf 89' lang='lat' dir='ltr'>eam</span> <span class='ocrx_word' id='word_1_167' title='bbox 846 1633 933 1659; x_wconf 90' lang='lat' dir='ltr'>esse</span> <span class='ocrx_word' id='word_1_168' title='bbox 953 1620 1184 1658; x_wconf 87' lang='lat' dir='ltr'>tenendam</span> <span class='ocrx_word' id='word_1_169' title='bbox 1204 1619 1289 1658; x_wconf 90' lang='lat' dir='ltr'>suis</span> <span class='ocrx_word' id='word_1_170' title='bbox 1308 1618 1497 1657; x_wconf 90' lang='lat' dir='ltr'>moribus</span> <span class='ocrx_word' id='word_1_171' title='bbox 1516 1622 1558 1657; x_wconf 91' lang='lat' dir='ltr'>et</span> <span class='ocrx_word' id='word_1_172' title='bbox 1579 1616 1758 1668; x_wconf 91' lang='lat' dir='ltr'>scriptis,</span> 
     </span>
     <span class='ocr_line' id='line_1_28' title="bbox 223 1683 1761 1737; baseline -0.003 -12"><span class='ocrx_word' id='word_1_173' title='bbox 223 1691 348 1737; x_wconf 90' lang='lat' dir='ltr'>prout</span> <span class='ocrx_word' id='word_1_174' title='bbox 376 1690 551 1737; x_wconf 89' lang='lat' dir='ltr'>apparet</span> <span class='ocrx_word' id='word_1_175' title='bbox 580 1686 843 1737; x_wconf 87' lang='lat' dir='ltr'>apertissime</span> <span class='ocrx_word' id='word_1_176' title='bbox 870 1686 1049 1737; x_wconf 89' lang='lat' dir='ltr'>posteris</span> <span class='ocrx_word' id='word_1_177' title='bbox 1076 1685 1418 1723; x_wconf 86' lang='lat' dir='ltr'>mandaverunt:</span> <span class='ocrx_word' id='word_1_178' title='bbox 1447 1684 1490 1722; x_wconf 89' lang='lat' dir='ltr'>in</span> <span class='ocrx_word' id='word_1_179' title='bbox 1519 1696 1603 1734; x_wconf 90' lang='lat' dir='ltr'>qua</span> <span class='ocrx_word' id='word_1_180' title='bbox 1630 1683 1761 1722; x_wconf 90' lang='lat' dir='ltr'>etiam</span> 
     </span>
     <span class='ocr_line' id='line_1_29' title="bbox 222 1750 1760 1803; baseline -0.002 -13"><span class='ocrx_word' id='word_1_181' title='bbox 222 1766 354 1803; x_wconf 85' lang='lat' dir='ltr'>usque</span> <span class='ocrx_word' id='word_1_182' title='bbox 386 1752 427 1790; x_wconf 91' lang='lat' dir='ltr'>in</span> <span class='ocrx_word' id='word_1_183' title='bbox 461 1753 587 1791; x_wconf 88' lang='lat' dir='ltr'>finem</span> <span class='ocrx_word' id='word_1_184' title='bbox 618 1752 706 1791; x_wconf 87' lang='lat' dir='ltr'>vite</span> <span class='ocrx_word' id='word_1_185' title='bbox 739 1752 918 1791; x_wconf 90' lang='lat' dir='ltr'>fideliter</span> <span class='ocrx_word' id='word_1_186' title='bbox 950 1755 1272 1803; x_wconf 87' lang='lat' dir='ltr'>permanserunt</span> <span class='ocrx_word' id='word_1_187' title='bbox 1305 1755 1346 1789; x_wconf 93' lang='lat' dir='ltr'>et</span> <span class='ocrx_word' id='word_1_188' title='bbox 1379 1750 1421 1788; x_wconf 92' lang='lat' dir='ltr'>in</span> <span class='ocrx_word' id='word_1_189' title='bbox 1453 1763 1503 1788; x_wconf 94' lang='lat' dir='ltr'>ea</span> <span class='ocrx_word' id='word_1_190' title='bbox 1534 1750 1645 1788; x_wconf 91' lang='lat' dir='ltr'>bono</span> <span class='ocrx_word' id='word_1_191' title='bbox 1678 1750 1760 1788; x_wconf 91' lang='lat' dir='ltr'>fine</span> 
     </span>
     <span class='ocr_line' id='line_1_30' title="bbox 222 1814 1761 1869; baseline -0.002 -13"><span class='ocrx_word' id='word_1_192' title='bbox 222 1818 501 1868; x_wconf 86' lang='lat' dir='ltr'>quieverunt:</span> <span class='ocrx_word' id='word_1_193' title='bbox 547 1818 662 1869; x_wconf 90' lang='lat' dir='ltr'>quod</span> <span class='ocrx_word' id='word_1_194' title='bbox 703 1819 946 1857; x_wconf 90' lang='lat' dir='ltr'>nullatenus</span> <span class='ocrx_word' id='word_1_195' title='bbox 989 1822 1080 1856; x_wconf 91' lang='lat' dir='ltr'>tam</span> <span class='ocrx_word' id='word_1_196' title='bbox 1123 1817 1298 1856; x_wconf 89' lang='lat' dir='ltr'>subtiles</span> <span class='ocrx_word' id='word_1_197' title='bbox 1340 1821 1382 1856; x_wconf 94' lang='lat' dir='ltr'>et</span> <span class='ocrx_word' id='word_1_198' title='bbox 1426 1815 1638 1867; x_wconf 88' lang='lat' dir='ltr'>sapientes</span> <span class='ocrx_word' id='word_1_199' title='bbox 1680 1814 1761 1854; x_wconf 90' lang='lat' dir='ltr'>viri</span> 
     </span>
     <span class='ocr_line' id='line_1_31' title="bbox 221 1881 1759 1935; baseline -0.001 -14"><span class='ocrx_word' id='word_1_200' title='bbox 221 1884 415 1923; x_wconf 80' lang='lat' dir='ltr'>fecissent</span> <span class='ocrx_word' id='word_1_201' title='bbox 452 1884 587 1935; x_wconf 79' lang='lat' dir='ltr'>(199a)</span> <span class='ocrx_word' id='word_1_202' title='bbox 624 1884 658 1922; x_wconf 90' lang='lat' dir='ltr'>si</span> <span class='ocrx_word' id='word_1_203' title='bbox 690 1885 869 1923; x_wconf 89' lang='lat' dir='ltr'>alteram</span> <span class='ocrx_word' id='word_1_204' title='bbox 902 1883 1117 1922; x_wconf 91' lang='lat' dir='ltr'>meliorem</span> <span class='ocrx_word' id='word_1_205' title='bbox 1150 1888 1191 1922; x_wconf 89' lang='lat' dir='ltr'>et</span> <span class='ocrx_word' id='word_1_206' title='bbox 1226 1883 1477 1921; x_wconf 87' lang='lat' dir='ltr'>securiorem</span> <span class='ocrx_word' id='word_1_207' title='bbox 1512 1881 1637 1920; x_wconf 86' lang='lat' dir='ltr'>fidem</span> <span class='ocrx_word' id='word_1_208' title='bbox 1670 1894 1759 1920; x_wconf 91' lang='lat' dir='ltr'>esse</span> 
     </span>
     <span class='ocr_line' id='line_1_32' title="bbox 220 1948 1760 2001; baseline -0.002 -13"><span class='ocrx_word' id='word_1_209' title='bbox 220 1950 528 1999; x_wconf 82' lang='lat' dir='ltr'>cognovissent.</span> <span class='ocrx_word' id='word_1_210' title='bbox 588 1951 744 1989; x_wconf 82' lang='lat' dir='ltr'>Sexto:</span> <span class='ocrx_word' id='word_1_211' title='bbox 788 1950 888 2001; x_wconf 89' lang='lat' dir='ltr'>quia</span> <span class='ocrx_word' id='word_1_212' title='bbox 927 1950 1052 1988; x_wconf 88' lang='lat' dir='ltr'>nimis</span> <span class='ocrx_word' id='word_1_213' title='bbox 1092 1949 1325 1988; x_wconf 89' lang='lat' dir='ltr'>absurdum</span> <span class='ocrx_word' id='word_1_214' title='bbox 1365 1953 1407 1987; x_wconf 92' lang='lat' dir='ltr'>et</span> <span class='ocrx_word' id='word_1_215' title='bbox 1448 1948 1630 1987; x_wconf 87' lang='lat' dir='ltr'>stultum</span> <span class='ocrx_word' id='word_1_216' title='bbox 1670 1959 1760 1986; x_wconf 90' lang='lat' dir='ltr'>esse</span> 
     </span>
     <span class='ocr_line' id='line_1_33' title="bbox 219 2013 1759 2067; baseline -0.001 -14"><span class='ocrx_word' id='word_1_217' title='bbox 219 2015 388 2054; x_wconf 86' lang='lat' dir='ltr'>videtur</span> <span class='ocrx_word' id='word_1_218' title='bbox 420 2016 535 2066; x_wconf 88' lang='lat' dir='ltr'>quod</span> <span class='ocrx_word' id='word_1_219' title='bbox 566 2016 738 2067; x_wconf 89' lang='lat' dir='ltr'>quidem</span> <span class='ocrx_word' id='word_1_220' title='bbox 769 2015 1015 2067; x_wconf 89' lang='lat' dir='ltr'>insipientes</span> <span class='ocrx_word' id='word_1_221' title='bbox 1046 2020 1088 2054; x_wconf 88' lang='lat' dir='ltr'>et</span> <span class='ocrx_word' id='word_1_222' title='bbox 1119 2015 1255 2066; x_wconf 89' lang='lat' dir='ltr'>ignari</span> <span class='ocrx_word' id='word_1_223' title='bbox 1285 2014 1365 2053; x_wconf 86' lang='lat' dir='ltr'>viri</span> <span class='ocrx_word' id='word_1_224' title='bbox 1397 2014 1484 2052; x_wconf 85' lang='lat' dir='ltr'>sive</span> <span class='ocrx_word' id='word_1_225' title='bbox 1516 2013 1759 2052; x_wconf 85' lang='lat' dir='ltr'>muliercule</span> 
     </span>
     <span class='ocr_line' id='line_1_34' title="bbox 219 2079 1758 2128; baseline -0.001 -9"><span class='ocrx_word' id='word_1_226' title='bbox 219 2081 388 2120; x_wconf 81' lang='lat' dir='ltr'>indocte</span> <span class='ocrx_word' id='word_1_227' title='bbox 405 2087 447 2120; x_wconf 88' lang='lat' dir='ltr'>et</span> <span class='ocrx_word' id='word_1_228' title='bbox 465 2081 592 2120; x_wconf 90' lang='lat' dir='ltr'>nichil</span> <span class='ocrx_word' id='word_1_229' title='bbox 609 2082 798 2128; x_wconf 90' lang='lat' dir='ltr'>scientes,</span> <span class='ocrx_word' id='word_1_230' title='bbox 819 2082 946 2120; x_wconf 90' lang='lat' dir='ltr'>fidem</span> <span class='ocrx_word' id='word_1_231' title='bbox 962 2081 1132 2120; x_wconf 88' lang='lat' dir='ltr'>ecclesie</span> <span class='ocrx_word' id='word_1_232' title='bbox 1149 2080 1427 2119; x_wconf 88' lang='lat' dir='ltr'>coniectando</span> <span class='ocrx_word' id='word_1_233' title='bbox 1445 2084 1519 2119; x_wconf 89' lang='lat' dir='ltr'>aut</span> <span class='ocrx_word' id='word_1_234' title='bbox 1537 2079 1758 2118; x_wconf 90' lang='lat' dir='ltr'>temerarie</span> 
     </span>
     <span class='ocr_line' id='line_1_35' title="bbox 221 2145 1758 2199; baseline -0.001 -15"><span class='ocrx_word' id='word_1_235' title='bbox 221 2148 536 2197; x_wconf 87' lang='lat' dir='ltr'>perscrutando,</span> <span class='ocrx_word' id='word_1_236' title='bbox 584 2148 652 2186; x_wconf 84' lang='lat' dir='ltr'>vel</span> <span class='ocrx_word' id='word_1_237' title='bbox 697 2147 942 2199; x_wconf 88' lang='lat' dir='ltr'>insipienter</span> <span class='ocrx_word' id='word_1_238' title='bbox 987 2147 1294 2193; x_wconf 82' lang='lat' dir='ltr'>ratiocinando,</span> <span class='ocrx_word' id='word_1_239' title='bbox 1342 2146 1410 2185; x_wconf 85' lang='lat' dir='ltr'>vel</span> <span class='ocrx_word' id='word_1_240' title='bbox 1454 2146 1660 2185; x_wconf 89' lang='lat' dir='ltr'>violenter</span> <span class='ocrx_word' id='word_1_241' title='bbox 1706 2145 1758 2183; x_wconf 88' lang='lat' dir='ltr'>ir-</span> 
     </span>
     <span class='ocr_line' id='line_1_36' title="bbox 220 2211 1757 2263; baseline -0.001 -13"><span class='ocrx_word' id='word_1_242' title='bbox 220 2213 455 2262; x_wconf 89' lang='lat' dir='ltr'>rumpendo</span> <span class='ocrx_word' id='word_1_243' title='bbox 482 2213 729 2263; x_wconf 88' lang='lat' dir='ltr'>impugnare</span> <span class='ocrx_word' id='word_1_244' title='bbox 758 2218 979 2259; x_wconf 90' lang='lat' dir='ltr'>conantur,</span> <span class='ocrx_word' id='word_1_245' title='bbox 1010 2218 1052 2252; x_wconf 90' lang='lat' dir='ltr'>et</span> <span class='ocrx_word' id='word_1_246' title='bbox 1080 2226 1166 2252; x_wconf 90' lang='lat' dir='ltr'>non</span> <span class='ocrx_word' id='word_1_247' title='bbox 1194 2212 1328 2263; x_wconf 89' lang='lat' dir='ltr'>magis</span> <span class='ocrx_word' id='word_1_248' title='bbox 1355 2216 1446 2251; x_wconf 84' lang='lat' dir='ltr'>tarn</span> <span class='ocrx_word' id='word_1_249' title='bbox 1475 2211 1686 2263; x_wconf 90' lang='lat' dir='ltr'>sapientes</span> <span class='ocrx_word' id='word_1_250' title='bbox 1714 2215 1757 2249; x_wconf 91' lang='lat' dir='ltr'>et</span> 
     </span>
     <span class='ocr_line' id='line_1_37' title="bbox 222 2277 1757 2329; baseline 0 -14"><span class='ocrx_word' id='word_1_251' title='bbox 222 2279 429 2328; x_wconf 86' lang='lat' dir='ltr'>preclaros</span> <span class='ocrx_word' id='word_1_252' title='bbox 461 2279 587 2317; x_wconf 92' lang='lat' dir='ltr'>duces</span> <span class='ocrx_word' id='word_1_253' title='bbox 618 2292 760 2318; x_wconf 88' lang='lat' dir='ltr'>secure</span> <span class='ocrx_word' id='word_1_254' title='bbox 791 2284 834 2319; x_wconf 90' lang='lat' dir='ltr'>et</span> <span class='ocrx_word' id='word_1_255' title='bbox 867 2279 1045 2318; x_wconf 89' lang='lat' dir='ltr'>fideliter</span> <span class='ocrx_word' id='word_1_256' title='bbox 1076 2279 1312 2325; x_wconf 88' lang='lat' dir='ltr'>imitantur,</span> <span class='ocrx_word' id='word_1_257' title='bbox 1347 2278 1550 2329; x_wconf 89' lang='lat' dir='ltr'>quoniam</span> <span class='ocrx_word' id='word_1_258' title='bbox 1582 2277 1655 2328; x_wconf 89' lang='lat' dir='ltr'>qui</span> <span class='ocrx_word' id='word_1_259' title='bbox 1686 2289 1757 2315; x_wconf 91' lang='lat' dir='ltr'>eos</span> 
     </span>
     <span class='ocr_line' id='line_1_38' title="bbox 222 2343 1756 2395; baseline -0.001 -14"><span class='ocrx_word' id='word_1_260' title='bbox 222 2344 393 2382; x_wconf 75' lang='lat' dir='ltr'>fuerunt</span> <span class='ocrx_word' id='word_1_261' title='bbox 422 2344 586 2383; x_wconf 87' lang='lat' dir='ltr'>assidue</span> <span class='ocrx_word' id='word_1_262' title='bbox 615 2345 773 2384; x_wconf 90' lang='lat' dir='ltr'>imitati</span> <span class='ocrx_word' id='word_1_263' title='bbox 802 2359 826 2384; x_wconf 86' lang='lat' dir='ltr'>a</span> <span class='ocrx_word' id='word_1_264' title='bbox 854 2350 971 2384; x_wconf 86' lang='lat' dir='ltr'>recto</span> <span class='ocrx_word' id='word_1_265' title='bbox 998 2345 1171 2384; x_wconf 88' lang='lat' dir='ltr'>tramite</span> <span class='ocrx_word' id='word_1_266' title='bbox 1200 2344 1298 2383; x_wconf 91' lang='lat' dir='ltr'>fidei</span> <span class='ocrx_word' id='word_1_267' title='bbox 1324 2356 1546 2395; x_wconf 87' lang='lat' dir='ltr'>nunquam</span> <span class='ocrx_word' id='word_1_268' title='bbox 1574 2343 1756 2382; x_wconf 89' lang='lat' dir='ltr'>timeant</span> 
     </span>
     <span class='ocr_line' id='line_1_39' title="bbox 222 2408 1754 2460; baseline 0 -13"><span class='ocrx_word' id='word_1_269' title='bbox 222 2410 418 2460; x_wconf 88' lang='lat' dir='ltr'>separari,</span> <span class='ocrx_word' id='word_1_270' title='bbox 451 2411 523 2460; x_wconf 86' lang='lat' dir='ltr'>qui</span> <span class='ocrx_word' id='word_1_271' title='bbox 552 2424 651 2449; x_wconf 91' lang='lat' dir='ltr'>vero</span> <span class='ocrx_word' id='word_1_272' title='bbox 682 2424 707 2450; x_wconf 93' lang='lat' dir='ltr'>a</span> <span class='ocrx_word' id='word_1_273' title='bbox 736 2412 948 2450; x_wconf 89' lang='lat' dir='ltr'>consortio</span> <span class='ocrx_word' id='word_1_274' title='bbox 977 2415 1019 2450; x_wconf 91' lang='lat' dir='ltr'>et</span> <span class='ocrx_word' id='word_1_275' title='bbox 1050 2411 1183 2450; x_wconf 89' lang='lat' dir='ltr'>ductu</span> <span class='ocrx_word' id='word_1_276' title='bbox 1212 2423 1358 2450; x_wconf 90' lang='lat' dir='ltr'>eorum</span> <span class='ocrx_word' id='word_1_277' title='bbox 1387 2409 1513 2448; x_wconf 85' lang='lat' dir='ltr'>fuerit</span> <span class='ocrx_word' id='word_1_278' title='bbox 1545 2408 1754 2455; x_wconf 80' lang='lat' dir='ltr'>deviatuS,</span> 
     </span>
     <span class='ocr_line' id='line_1_40' title="bbox 222 2474 1757 2528; baseline 0 -16"><span class='ocrx_word' id='word_1_279' title='bbox 222 2475 331 2513; x_wconf 90' lang='lat' dir='ltr'>sicut</span> <span class='ocrx_word' id='word_1_280' title='bbox 369 2475 460 2513; x_wconf 91' lang='lat' dir='ltr'>ovis</span> <span class='ocrx_word' id='word_1_281' title='bbox 497 2489 639 2514; x_wconf 86' lang='lat' dir='ltr'>errans</span> <span class='ocrx_word' id='word_1_282' title='bbox 676 2477 786 2528; x_wconf 91' lang='lat' dir='ltr'>lupis</span> <span class='ocrx_word' id='word_1_283' title='bbox 823 2477 975 2516; x_wconf 81' lang='lat' dir='ltr'>inferni</span> <span class='ocrx_word' id='word_1_284' title='bbox 1012 2480 1249 2528; x_wconf 85' lang='lat' dir='ltr'>exponetur</span> <span class='ocrx_word' id='word_1_285' title='bbox 1286 2475 1568 2515; x_wconf 82' lang='lat' dir='ltr'>devorandus.</span> <span class='ocrx_word' id='word_1_286' title='bbox 1627 2474 1757 2513; x_wconf 86' lang='lat' dir='ltr'>Crede</span> 
     </span>
     <span class='ocr_line' id='line_1_41' title="bbox 222 2539 1758 2594; baseline 0 -16"><span class='ocrx_word' id='word_1_287' title='bbox 222 2540 350 2578; x_wconf 90' lang='lat' dir='ltr'>michi</span> <span class='ocrx_word' id='word_1_288' title='bbox 377 2541 478 2591; x_wconf 88' lang='lat' dir='ltr'>quia</span> <span class='ocrx_word' id='word_1_289' title='bbox 505 2542 538 2579; x_wconf 90' lang='lat' dir='ltr'>si</span> <span class='ocrx_word' id='word_1_290' title='bbox 566 2555 756 2593; x_wconf 89' lang='lat' dir='ltr'>unquam</span> <span class='ocrx_word' id='word_1_291' title='bbox 784 2543 869 2582; x_wconf 89' lang='lat' dir='ltr'>tale</span> <span class='ocrx_word' id='word_1_292' title='bbox 897 2542 1001 2594; x_wconf 90' lang='lat' dir='ltr'>quid</span> <span class='ocrx_word' id='word_1_293' title='bbox 1028 2547 1216 2582; x_wconf 88' lang='lat' dir='ltr'>mentem</span> <span class='ocrx_word' id='word_1_294' title='bbox 1244 2555 1383 2581; x_wconf 85' lang='lat' dir='ltr'>meam</span> <span class='ocrx_word' id='word_1_295' title='bbox 1411 2540 1611 2592; x_wconf 88' lang='lat' dir='ltr'>pulsavit,</span> <span class='ocrx_word' id='word_1_296' title='bbox 1642 2539 1758 2592; x_wconf 90' lang='lat' dir='ltr'>quod</span> 
     </span>
     <span class='ocr_line' id='line_1_42' title="bbox 223 2607 1759 2658; baseline -0.001 -13"><span class='ocrx_word' id='word_1_297' title='bbox 223 2610 367 2645; x_wconf 86' lang='lat' dir='ltr'>tamen</span> <span class='ocrx_word' id='word_1_298' title='bbox 410 2619 482 2657; x_wconf 91' lang='lat' dir='ltr'>per</span> <span class='ocrx_word' id='word_1_299' title='bbox 524 2607 603 2646; x_wconf 89' lang='lat' dir='ltr'>Dei</span> <span class='ocrx_word' id='word_1_300' title='bbox 644 2609 826 2658; x_wconf 78' lang='lat' dir='ltr'>gratiam</span> <span class='ocrx_word' id='word_1_301' title='bbox 866 2608 1077 2648; x_wconf 88' lang='lat' dir='ltr'>rarissime</span> <span class='ocrx_word' id='word_1_302' title='bbox 1118 2608 1274 2654; x_wconf 89' lang='lat' dir='ltr'>evenit,</span> <span class='ocrx_word' id='word_1_303' title='bbox 1319 2607 1399 2646; x_wconf 91' lang='lat' dir='ltr'>hiis</span> <span class='ocrx_word' id='word_1_304' title='bbox 1441 2607 1620 2646; x_wconf 91' lang='lat' dir='ltr'>ducibus</span> <span class='ocrx_word' id='word_1_305' title='bbox 1662 2619 1759 2644; x_wconf 89' lang='lat' dir='ltr'>con-</span> 
     </span>
     <span class='ocr_line' id='line_1_43' title="bbox 224 2671 1756 2725; baseline 0.001 -16"><span class='ocrx_word' id='word_1_306' title='bbox 224 2671 428 2716; x_wconf 90' lang='lat' dir='ltr'>sideratis,</span> <span class='ocrx_word' id='word_1_307' title='bbox 451 2673 598 2711; x_wconf 88' lang='lat' dir='ltr'>statim</span> <span class='ocrx_word' id='word_1_308' title='bbox 618 2675 735 2713; x_wconf 87' lang='lat' dir='ltr'>velut</span> <span class='ocrx_word' id='word_1_309' title='bbox 757 2675 898 2713; x_wconf 84' lang='lat' dir='ltr'>fumus</span> <span class='ocrx_word' id='word_1_310' title='bbox 917 2674 1050 2725; x_wconf 88' lang='lat' dir='ltr'>impia</span> <span class='ocrx_word' id='word_1_311' title='bbox 1068 2674 1272 2725; x_wconf 90' lang='lat' dir='ltr'>cogitatio</span> <span class='ocrx_word' id='word_1_312' title='bbox 1291 2673 1480 2712; x_wconf 88' lang='lat' dir='ltr'>evanuit.</span> <span class='ocrx_word' id='word_1_313' title='bbox 1539 2672 1729 2723; x_wconf 83' lang='lat' dir='ltr'>Septimo</span> <span class='ocrx_word' id='word_1_314' title='bbox 1749 2683 1756 2710; x_wconf 93' lang='lat'>:</span> 
     </span>
     <span class='ocr_line' id='line_1_44' title="bbox 224 2737 1760 2791; baseline 0.001 -17"><span class='ocrx_word' id='word_1_315' title='bbox 224 2737 324 2788; x_wconf 89' lang='lat' dir='ltr'>quia</span> <span class='ocrx_word' id='word_1_316' title='bbox 371 2737 591 2787; x_wconf 84' lang='lat' dir='ltr'>Dyabolus</span> <span class='ocrx_word' id='word_1_317' title='bbox 638 2740 894 2791; x_wconf 84' lang='lat' dir='ltr'>aliquociens</span> <span class='ocrx_word' id='word_1_318' title='bbox 942 2753 1026 2779; x_wconf 93' lang='lat' dir='ltr'>non</span> <span class='ocrx_word' id='word_1_319' title='bbox 1074 2741 1221 2779; x_wconf 87' lang='lat' dir='ltr'>valens</span> <span class='ocrx_word' id='word_1_320' title='bbox 1269 2739 1432 2790; x_wconf 90' lang='lat' dir='ltr'>aliquos</span> <span class='ocrx_word' id='word_1_321' title='bbox 1480 2739 1547 2777; x_wconf 91' lang='lat' dir='ltr'>vel</span> <span class='ocrx_word' id='word_1_322' title='bbox 1595 2737 1760 2788; x_wconf 89' lang='lat' dir='ltr'>aliquas</span> 
     </span>
     <span class='ocr_line' id='line_1_45' title="bbox 222 2802 1758 2856; baseline 0.001 -17"><span class='ocrx_word' id='word_1_323' title='bbox 222 2802 486 2852; x_wconf 84' lang='lat' dir='ltr'>gravioribus</span> <span class='ocrx_word' id='word_1_324' title='bbox 529 2805 712 2854; x_wconf 86' lang='lat' dir='ltr'>peccatis</span> <span class='ocrx_word' id='word_1_325' title='bbox 754 2806 1011 2852; x_wconf 87' lang='lat' dir='ltr'>subvertere,</span> <span class='ocrx_word' id='word_1_326' title='bbox 1057 2810 1106 2845; x_wconf 92' lang='lat' dir='ltr'>ut</span> <span class='ocrx_word' id='word_1_327' title='bbox 1148 2810 1292 2845; x_wconf 88' lang='lat' dir='ltr'>totum</span> <span class='ocrx_word' id='word_1_328' title='bbox 1335 2809 1504 2856; x_wconf 91' lang='lat' dir='ltr'>tempus</span> <span class='ocrx_word' id='word_1_329' title='bbox 1547 2816 1671 2842; x_wconf 90' lang='lat' dir='ltr'>suum</span> <span class='ocrx_word' id='word_1_330' title='bbox 1714 2803 1758 2842; x_wconf 88' lang='lat' dir='ltr'>in</span> 
     </span>
    </p>
   </div>
   <div class='ocr_carea' id='block_1_9' title="bbox 272 2883 1325 2920">
    <p class='ocr_par' dir='ltr' id='par_1_9' title="bbox 272 2883 1325 2920">
     <span class='ocr_line' id='line_1_46' title="bbox 272 2883 1325 2920; baseline 0.005 -5"><span class='ocrx_word' id='word_1_331' title='bbox 272 2883 284 2903; x_wconf 83' lang='lat'>²</span> <span class='ocrx_word' id='word_1_332' title='bbox 299 2885 345 2916; x_wconf 88' lang='lat' dir='ltr'>ad</span> <span class='ocrx_word' id='word_1_333' title='bbox 369 2884 463 2917; x_wconf 82' lang='lat' dir='ltr'>Heb.</span> <span class='ocrx_word' id='word_1_334' title='bbox 489 2884 622 2919; x_wconf 78' lang='lat' dir='ltr'><strong>X1³⁶-³⁸.</strong></span> <span class='ocrx_word' id='word_1_335' title='bbox 904 2887 916 2906; x_wconf 85' lang='lat'><em>²</em></span> <span class='ocrx_word' id='word_1_336' title='bbox 932 2889 997 2920; x_wconf 87' lang='lat' dir='ltr'>Ms.</span> <span class='ocrx_word' id='word_1_337' title='bbox 1015 2891 1325 2920; x_wconf 84' lang='lat' dir='ltr'>sustantaverunt</span> 
     </span>
    </p>
   </div>
  </div>
 </body>
</html>
