1934 3260
54 1060 99 1087 10

51 1389 96 1429 15

48 1722 98 1751 20

48 2051 97 2090 25

49 2383 99 2420 30

49 2756 99 2794 35

171 282 220 318 20
586 279 924 318 INSTRLTUO
950 280 1043 318 PIE
1065 281 1101 319 V
1105 281 1306 321 IVENDI

170 412 402 462 composite
433 416 475 450 te
507 410 676 456 habeas,
710 415 757 449 ut
790 415 931 449 totum
963 411 1016 450 sit
1048 412 1090 450 in
1122 418 1165 452 te
1197 411 1526 462 disciplinatum,
1560 415 1701 449 totum

167 477 328 528 insigne
352 476 524 516 virtutis
546 476 815 527 perfectionis
838 477 1085 524 formatura,
1111 482 1153 518 et
1176 491 1261 517 non
1285 477 1420 516 solum
1444 475 1571 514 nichil
1593 476 1635 515 in
1659 482 1702 516 te

169 548 373 594 appareat
400 542 512 581 unde
538 542 753 581 intuentes
780 543 931 582 merito
958 544 1230 583 offendantur
1256 543 1323 582 vel
1350 541 1700 589 scandalizentur,

169 609 242 648 sed
272 609 402 648 etiam
432 608 568 648 multo
599 608 733 659 magis
761 608 1010 648 edificentur
1041 614 1083 649 et
1115 611 1170 649 ad
1200 609 1373 648 meliora
1403 613 1479 647 tuo
1509 608 1703 659 exemplo

169 679 465 726 provocentur.
525 674 567 714 Si
581 673 639 713 sic
655 687 800 713 sensus
815 675 1042 714 exteriores
1057 688 1082 714 a
1097 680 1139 715 te
1155 676 1376 726 diligenter
1391 674 1701 720 custodiuntur,

168 746 301 780 restat
333 747 380 779 ut
413 740 543 779 etiam
573 740 792 779 interiores
823 741 983 780 solicite
1015 741 1305 787 observentur,
1339 744 1387 779 ut
1420 752 1492 791 per
1524 740 1602 778 hoc
1634 752 1704 778 cor

169 808 284 845 omni
320 807 525 853 custodia,
563 806 607 844 id
636 811 698 845 est
731 806 919 844 omnium
947 820 1146 846 sensuum
1175 808 1311 859 (160a)
1335 811 1426 846 tam
1447 806 1702 844 exteriorum

169 886 299 925 quam
329 873 577 912 interiorum
609 872 803 912 custodia
834 878 1118 913 conservetur.

169 1001 236 1031 DE
257 1000 504 1032 CUSTODIA
524 999 736 1031 CORDIS.l
1264 999 1555 1031 CAPITULUM
1576 997 1700 1028 XVII.

223 1050 286 1088 De
334 1049 458 1088 corde
505 1049 617 1088 enim
664 1054 820 1088 exeunt
868 1049 1146 1100 cogitationes
1192 1050 1313 1095 male,
1363 1048 1517 1099 quibus
1563 1047 1705 1086 anima

168 1115 500 1167 coinquinatur‚²
530 1120 572 1154 et
603 1120 811 1166 tanquam
841 1115 938 1154 feda
968 1120 1009 1154 et
1040 1115 1262 1154 immunda
1291 1128 1316 1154 a
1346 1115 1436 1153 Deo
1467 1119 1699 1165 separatur.

169 1183 367 1221 Perverse
387 1194 572 1232 namque
593 1181 871 1232 cogitationes
892 1187 1090 1232 separant
1113 1195 1138 1221 a
1158 1182 1261 1227 De0,
1286 1194 1391 1232 quas
1412 1180 1549 1219 tribus
1569 1179 1707 1218 modis

168 1248 295 1287 debes
322 1261 347 1287 a
374 1252 416 1287 te
443 1248 661 1299 expellere,
691 1247 847 1286 scilicet
876 1260 1011 1298 opere,
1042 1248 1302 1287 confessione
1329 1251 1371 1286 et
1399 1250 1548 1285 sancta
1574 1244 1706 1284 medi-

166 1314 344 1353 tatione.
400 1314 634 1365 Nunquam
667 1326 765 1364 ergo
799 1313 939 1352 ociosa
971 1313 1142 1360 existas,
1179 1313 1252 1353 sed
1285 1325 1450 1364 semper
1483 1316 1558 1351 aut
1593 1312 1707 1361 legas

167 1385 242 1420 aut
283 1380 438 1432 psallas
478 1393 551 1419 seu
592 1393 683 1418 ores
722 1380 791 1419 vel
829 1380 1027 1419 manibus
1066 1380 1242 1427 labores,
1286 1383 1334 1418 ut
1375 1379 1432 1417 sic
1473 1378 1707 1429 superfluas

167 1446 446 1497 cogitationes
482 1450 524 1485 et
561 1446 710 1485 noxias
746 1446 922 1485 devites,
982 1447 1031 1485 In
1070 1446 1284 1485 desideriis
1320 1445 1432 1484 enim
1469 1449 1510 1483 et
1548 1444 1705 1494 cogita-

166 1513 356 1552 tionibus
386 1512 522 1551 omnis
553 1512 672 1563 pigra
702 1516 744 1552 et
776 1512 916 1551 ociosa
946 1517 1152 1559 versatur,
1187 1525 1268 1564 que
1300 1512 1334 1550 si
1364 1524 1441 1550 nec
1472 1510 1530 1549 sic
1560 1510 1706 1548 valent

168 1579 331 1630 expelli,
370 1582 473 1617 tunc
509 1591 580 1617 eas
616 1591 688 1629 per
724 1591 869 1617 veram
905 1584 947 1617 et
984 1579 1186 1617 humilem
1223 1577 1540 1622 confessionem,
1579 1580 1706 1627 prout

168 1646 370 1697 prevales,
430 1650 506 1683 tuo
562 1645 808 1683 manifestes
865 1645 1104 1683 confessori.
1163 1644 1385 1695 Dyabolus
1441 1643 1553 1681 enim
1610 1654 1708 1680 suas

168 1711 455 1762 suggestiones
493 1716 535 1749 et
575 1711 749 1750 consilia
786 1711 1053 1750 denudantes
1091 1724 1175 1749 non
1215 1714 1345 1756 amat,
1387 1709 1460 1748 sed
1497 1714 1707 1759 tanquam

168 1778 368 1817 verbosas
394 1782 437 1816 et
464 1777 592 1816 nichil
619 1777 804 1816 celantes
830 1777 1010 1816 devitat.
1070 1778 1148 1816 Per
1175 1781 1344 1815 sanctas
1371 1775 1501 1815 etiam
1527 1774 1706 1813 medita-

168 1844 305 1883 tiones
335 1844 604 1895 expelluntur
634 1848 677 1882 et
707 1843 1049 1889 adnichillantur,
1082 1843 1237 1894 quibus
1267 1842 1427 1881 solicite
1458 1841 1513 1879 sis
1542 1841 1710 1879 intenta

169 1924 265 1950 curn
301 1910 358 1949 eis
393 1922 512 1948 mens
547 1914 623 1948 tua
659 1909 878 1960 fatigatur.
937 1909 1001 1948 De
1036 1909 1115 1947 hiis
1150 1921 1336 1959 namque
1371 1907 1538 1946 duobus
1572 1906 1711 1945 modis

168 1977 378 2028 propheta
408 1976 481 2022 ait,
517 1975 763 2026 “quoniam
793 1975 996 2026 cogitatio
1027 1975 1209 2013 hominis
1239 1974 1512 2013 confitebitur
1542 1972 1634 2018 tibi,
1667 1976 1709 2011 et

167 2042 341 2094 reliquie
362 2041 632 2092 cogitationis
653 2041 764 2080 diem
785 2041 942 2080 festum
963 2046 1090 2092 agent
1111 2041 1233 2087 tibi,''
1249 2041 1264 2064 ³
1285 2053 1333 2079 ac
1355 2039 1515 2078 sidicat
1536 2038 1710 2089 reliquie

169 2108 450 2159 cogitationis,
471 2107 515 2146 id
534 2112 597 2146 est
617 2112 762 2146 sancte
782 2107 1060 2158 cogitationes
1078 2107 1121 2146 in
1141 2107 1265 2146 corde
1285 2106 1502 2145 cuiuslicet
1520 2104 1710 2155 religiose

168 2175 323 2221 relicte,
352 2187 425 2225 per
450 2187 556 2225 quas
582 2186 774 2225 perverse
800 2178 900 2212 sunt
925 2173 1068 2220 eiecte,
1096 2173 1164 2212 vel
1189 2173 1244 2212 ad
1268 2176 1411 2211 toturn
1437 2171 1706 2216 adnichilate,

169 2241 281 2279 diem
316 2241 473 2279 festum
508 2244 634 2290 agent
670 2239 761 2286 tibi,
798 2240 957 2290 gratias
992 2239 1149 2278 scilicet
1184 2238 1403 2278 referendo
1441 2237 1579 2288 (roob)
1617 2235 1708 2275 Deo

169 2307 359 2345 omnium
387 2306 595 2344 bonorum
622 2306 824 2356 largitori.
883 2306 943 2345 Ut
971 2318 1068 2356 ergo
1096 2305 1218 2343 malis
1245 2309 1287 2344 et
1316 2303 1523 2356 perversis
1550 2302 1707 2353 cogita-

168 2373 357 2411 tionibus
394 2372 577 2423 perfecte
615 2372 866 2418 emunderis,
906 2372 1064 2410 sanctis
1101 2376 1143 2410 et
1179 2369 1504 2410 rationabilibus
1541 2368 1707 2407 assidue

169 2451 257 2478 esse
285 2439 453 2477 intenta
480 2451 565 2476 non
595 2437 817 2489 pigriteris.

170 2565 237 2596 DE
260 2564 520 2595 SUPERBIA.
1243 2562 1534 2594 CAPITULUM
1556 2560 1702 2591 XVIII.

224 2613 429 2665 Superbia
461 2613 607 2664 itaque
641 2613 675 2652 si
709 2613 865 2652 ostium
899 2612 1036 2651 cordis
1069 2612 1133 2652 tui
1166 2613 1324 2652 intrare
1357 2610 1551 2656 voluerit,
1588 2622 1702 2655 cave,

170 2680 270 2731 quia
297 2679 608 2718 infiammatina
635 2683 726 2718 est:
757 2692 809 2718 ne
837 2679 1049 2717 ullatenus
1077 2678 1304 2730 aperiatur.
1363 2677 1453 2716 Hec
1481 2681 1627 2715 autem
1654 2675 1706 2714 de

169 2745 331 2796 generis
354 2744 589 2790 nobilitate,
617 2745 879 2791 fortitudine,
908 2744 1203 2796 pulcritudine,
1231 2743 1472 2788 sanctitate,
1499 2741 1708 2793 sapientia

218 2870 230 2890 ²
245 2870 332 2911 Περὶ
347 2869 500 2912 φιιλακῄς
517 2869 665 2911 καρδίας,
694 2872 824 2912 Migne.
856 2870 943 2902 P.G.
976 2869 1238 2902 XXX1v⁸³⁵-⁸³⁸.

217 2914 230 2933 ²
245 2916 352 2946 Matt.
383 2914 480 2946 xv1⁹.

218 2959 231 2978 ³
245 2960 302 2991 Ps.
323 2957 476 2990 Lxxvn.
