2001 3250
155 1012 201 1038 10

276 256 325 295 82
669 253 1011 293 INSTRUCTIO
1037 252 1133 291 PIE
1154 252 1398 292 VIVENDI

275 395 394 425 tuam
415 390 603 436 expecta,
628 389 674 423 ut
696 384 753 422 sic
773 383 955 433 recipere
975 382 1018 421 in
1040 383 1121 422 fine
1141 384 1338 423 merearis
1358 389 1548 423 eternam
1567 395 1806 422 remunera-

276 452 433 490 tionem
452 451 492 489 in
512 451 581 488 illa
599 449 741 488 celesti
760 449 962 487 felicitate
979 453 1021 488 et
1039 449 1171 499 gloria
1189 449 1276 489 sine
1294 450 1375 488 fine
1393 461 1606 488 mansura.
1657 449 1806 489 Amen.

276 518 317 557 Si
345 518 402 555 sic
431 529 574 554 omnes
603 528 747 553 sensus
776 520 872 553 tuos
900 514 1118 553 interiores
1146 520 1188 554 et
1217 515 1444 554 exteriores
1472 514 1668 553 omnibus
1695 514 1809 554 horis

275 588 315 621 et
351 583 392 620 in
428 581 590 620 cunctis
624 581 724 619 locis
759 579 919 618 solicite
953 593 1002 619 ac
1036 580 1223 619 studiose
1258 580 1518 626 custodieris,
1555 580 1808 619 conveniens

275 648 564 686 habitaculum
581 651 621 685 et
640 646 832 696 pulcrum
849 646 987 684 locum
1003 646 1045 684 in
1071 646 1195 685 corde
1215 650 1258 686 et
1279 659 1450 698 corpore
1470 651 1545 686 tuo
1562 659 1716 697 sponso
1732 651 1808 685 tuo

276 712 521 764 preparasti.

275 819 340 849 DE
371 817 571 848 SANCTIS
602 816 961 856 REQUIRENDIS.
1349 817 1638 848 CAPITULUM
1668 816 1806 850 XLIX,

330 867 386 905 Ut
416 871 560 904 autern
590 865 856 903 dulcissimus
886 865 1065 904 dilectus
1093 870 1194 904 tuus
1225 866 1342 904 Iesus
1371 866 1562 904 Christus
1590 865 1808 903 ardentius

272 932 541 982 concupiscat
576 931 807 982 puritatem
840 931 906 969 tui
937 931 1110 977 decoris,
1145 944 1312 970 necesse
1343 936 1407 970 est
1441 935 1489 971 ut
1523 931 1578 969 ab
1611 930 1807 969 omnibus

271 998 388 1036 viciis
429 1002 470 1036 et
512 997 687 1035 maculis
728 1001 999 1048 peccatorum
1038 997 1297 1036 incessanter
1338 998 1521 1048 perfecte
1562 996 1804 1035 munderis:

273 1064 410 1114 (207b)
446 1063 560 1114 quod
592 1063 765 1113 quidem
798 1064 868 1101 fiet
901 1063 935 1101 si
967 1063 1140 1113 singulis
1172 1063 1321 1102 diebus
1352 1063 1394 1101 in
1427 1062 1690 1102 orationibus
1722 1062 1808 1101 tuis

269 1130 306 1168 ei
326 1134 499 1180 peccata
518 1134 594 1167 tua
614 1129 792 1168 fideliter
810 1129 1061 1174 confitearis,
1084 1135 1125 1167 et
1146 1129 1197 1168 de
1216 1129 1317 1179 ipsis
1336 1129 1377 1167 in
1398 1128 1651 1167 contritione
1671 1128 1808 1166 cordis

269 1196 473 1234 veraciter
525 1199 782 1246 compuncta
834 1194 1039 1245 condigne
1091 1195 1333 1245 penitendo,
1388 1194 1570 1233 lacrimis
1622 1194 1806 1232 ubertim

269 1261 552 1300 defluentibus
606 1261 827 1311 diligenter
882 1261 1046 1306 laveris,
1104 1265 1233 1312 atque
1287 1261 1479 1299 vestibus
1533 1260 1703 1298 mundis
1757 1272 1806 1297 ac

269 1327 476 1378 preciosis,
506 1327 545 1365 id
577 1331 640 1365 est
668 1327 882 1365 Virtutum
909 1330 952 1365 et
981 1327 1189 1365 bonorum
1217 1340 1392 1377 operum
1420 1326 1581 1365 meritis
1609 1326 1806 1364 decenter

268 1393 494 1431 adorneris.
554 1393 635 1432 Sed
658 1393 767 1431 forte
791 1392 892 1443 quia
914 1405 1074 1443 pauper
1098 1406 1141 1431 es
1164 1397 1205 1431 et
1230 1393 1306 1431 hec
1330 1405 1402 1443 per
1425 1397 1468 1431 te
1491 1392 1627 1443 ipsam
1651 1391 1805 1429 habere

268 1459 334 1497 vel
371 1459 585 1510 acquirere
620 1472 704 1497 non
743 1463 876 1509 potes,
916 1462 1084 1509 oportet
1122 1463 1169 1497 ut
1207 1459 1262 1497 ad
1299 1458 1456 1497 auxilia
1493 1458 1725 1497 amicorum
1762 1461 1804 1495 et

267 1529 544 1575 cognatorum
596 1529 768 1563 tuorum
820 1524 1022 1563 honorem
1075 1537 1123 1562 ac
1175 1525 1350 1574 gloriam
1402 1529 1523 1563 tuam
1575 1523 1805 1574 plurimum

267 1591 610 1635 desiderantium,
634 1591 678 1629 id
699 1595 763 1629 est
785 1590 1008 1629 beatorum
1029 1590 1256 1641 spirituum
1278 1603 1326 1629 ac
1348 1590 1537 1629 omnium
1560 1594 1805 1628 sanctorum

268 1657 445 1695 fidenter
468 1657 697 1707 confugias,
723 1660 765 1695 et
789 1669 859 1695 eos
881 1660 975 1695 toto
998 1656 1135 1695 cordis
1157 1658 1315 1695 affectu
1337 1660 1379 1695 et
1403 1668 1576 1707 precum
1597 1654 1805 1693 instantia

267 1735 412 1761 exores
438 1723 616 1774 supplex
642 1727 685 1761 et
711 1722 881 1769 devota,
910 1727 958 1761 ut
985 1722 1049 1761 tui
1075 1722 1353 1761 misereantur
1379 1726 1421 1760 et
1448 1726 1491 1760 te
1518 1721 1722 1760 adiuvent
1749 1720 1805 1758 ad

267 1802 316 1827 ea
344 1789 598 1827 sufficienter
627 1789 824 1827 habenda
852 1793 982 1839 atque
1012 1801 1154 1827 secure
1184 1788 1464 1839 possidenda:
1497 1799 1603 1838 quos
1632 1786 1805 1838 quidem

268 1855 453 1893 studiose
483 1855 683 1906 requiras,
716 1868 801 1893 non
831 1858 977 1892 autem
1006 1867 1079 1905 per
1108 1854 1224 1892 vicos
1253 1858 1295 1892 et
1326 1854 1489 1905 plateas
1519 1852 1803 1898 discurrendo,

268 1934 351 1959 non
401 1926 534 1959 terras
583 1925 624 1959 et
674 1920 841 1959 diversa
888 1920 981 1958 loca
1029 1920 1340 1965 circumeundo,
1390 1932 1475 1958 non
1523 1919 1713 1968 regiones
1761 1922 1803 1956 et

268 1986 506 2037 provincias
535 1986 843 2037 perlustrando,
875 1999 960 2024 non
990 1985 1171 2036 denique
1201 1985 1376 2024 flumina
1405 1990 1448 2024 et
1491 1985 1626 2022 maria
1669 1988 1804 2022 trans-

268 2053 475 2097 fretando,
504 2053 576 2091 sed
601 2052 643 2090 in
669 2052 812 2103 aliquo
837 2051 1049 2090 secretiori
1073 2052 1210 2090 loculo
1235 2056 1310 2090 aut
1336 2051 1529 2090 cubiculo
1555 2049 1807 2088 abscondito

267 2123 309 2157 et
343 2124 515 2157 secreto.
575 2119 626 2157 In
659 2131 744 2169 quo
777 2131 873 2156 cum
906 2117 961 2156 ad
993 2117 1106 2168 ipsos
1138 2117 1411 2168 requirendos
1443 2117 1629 2166 ingressa
1662 2115 1801 2161 fueris,

267 2184 463 2222 omnibus
483 2184 593 2222 curis
613 2188 655 2223 et
677 2183 1007 2234 cogitationibus
1028 2183 1249 2234 superfluis
1270 2182 1382 2221 foras
1402 2182 1558 2228 eiectis,
1581 2181 1805 2231 hostioque

267 2250 403 2288 cordis
430 2250 572 2288 clauso
599 2263 651 2288 ne
679 2250 789 2288 ullus
815 2249 960 2288 aditus
986 2250 1165 2300 patefiat
1192 2249 1251 2288 eis
1276 2248 1569 2294 introeundus,
1592 2259 1666 2286 ora
1691 2246 1806 2298 ipsos

267 2316 307 2353 in
339 2328 440 2366 pace
469 2321 512 2355 et
542 2316 874 2367 transquillitate
903 2315 1072 2355 mentis.

268 2421 335 2451 DE
364 2421 527 2451 BEATA
553 2420 768 2451 VIRGINE
796 2421 858 2451 ET
886 2418 1255 2451 CONFESSIONE.1
1445 2417 1733 2449 CAPITULUM
1762 2417 1802 2447 L.

325 2470 460 2519 (208a)
482 2470 618 2507 Beata
634 2469 780 2520 itaque
799 2469 927 2519 Virgo
944 2469 1078 2507 Maria
1095 2468 1232 2519 prima
1250 2467 1439 2506 omniurn
1457 2472 1520 2505 est
1538 2465 1802 2517 requirenda,

269 2543 311 2573 et
348 2540 555 2585 tanquam
590 2535 735 2585 regina
770 2539 813 2573 et
849 2535 1034 2573 celorum
1070 2534 1243 2573 domina
1279 2533 1524 2584 suppliciter
1559 2531 1802 2570 exoranda:

269 2613 399 2651 quam
429 2601 528 2651 quia
557 2600 836 2639 illuminatrix
865 2601 932 2639 vel
963 2600 1084 2639 stella
1113 2599 1241 2638 maris
1269 2598 1610 2650 interpretatur,2
1638 2595 1805 2636 assidue

320 2682 331 2700 ¹
348 2684 411 2713 Ms.
432 2684 699 2715 confessoribus

320 2726 332 2744 ²
347 2727 392 2757 cf.
413 2736 523 2767 supra
536 2737 571 2768 p.
590 2726 679 2758 392⁹.
726 2726 870 2766 Jerome
887 2728 952 2758 has
970 2728 1044 2758 this
1058 2729 1261 2758 statement
1275 2727 1313 2757 in
1327 2725 1479 2765 slightly
1492 2725 1662 2756 different
1676 2723 1794 2754 words

272 2772 307 2801 in
328 2772 466 2801 several
488 2772 617 2811 places,
639 2780 706 2810 eg.
729 2772 773 2802 de
795 2771 902 2802 Nom.
940 2771 1047 2806 Heu,
1070 2771 1190 2810 Migne
1212 2770 1296 2801 P.L.
1334 2768 1482 2804 XX111²¹‚
1508 2768 1547 2804 ⁹²,
1573 2769 1796 2807 Fragmenta

277 2815 351 2844 Lib.
376 2814 480 2844 Nom.
507 2815 611 2850 Heb„
635 2815 754 2854 Migne
777 2815 859 2845 P.L,
885 2813 1064 2850 xxn1¹²1⁴²,
1088 2813 1172 2844 l²³⁰:
1195 2815 1241 2845 ef.
1266 2814 1440 2844 Bernard.
1466 2813 1573 2844 Hom.
1598 2819 1637 2847 11,
1674 2811 1794 2850 Migne

276 2859 357 2888 PL.
376 2858 596 2887 CLXXX111⁷⁰
612 2868 616 2888 :
636 2859 682 2890 cf.
703 2857 723 2868 '‘
740 2862 777 2889 et
794 2860 875 2889 ideo
891 2859 1067 2890 convenit
1083 2859 1115 2889 ei
1131 2866 1264 2889 nomen
1284 2858 1399 2888 Maria
1415 2867 1509 2897 quae
1526 2857 1794 2896 interpretatur

274 2903 386 2933 Stella
409 2901 554 2937 Maris,''
579 2903 754 2942 Aquinas,
781 2903 914 2943 Opusc.
940 2903 1106 2943 Exposit.
1131 2903 1167 2933 in
1193 2901 1306 2932 Salut.
1336 2901 1461 2941 Angel.
