1934 3260
100 1003 149 1032 10

95 1754 146 1784 20

97 2417 148 2456 30

609 266 681 305 ET
719 267 985 306 SUPERNA
1023 267 1366 308 MEDITANDI.
1729 279 1754 319 9

220 396 300 436 Dei
320 397 483 444 audit,”
497 398 512 422 1
525 402 567 437 et
587 410 673 436 non
693 403 838 438 autem
859 399 1124 437 solummodo
1145 400 1295 439 auditu
1309 400 1517 447 exteriori,
1534 399 1607 439 sed
1620 400 1754 450 magis

218 462 419 510 interiori,
458 476 531 514 per
567 464 683 515 quod
719 477 769 503 ea
805 478 886 516 que
923 465 1044 504 audit
1082 478 1205 516 opere
1242 466 1515 517 adimplendo
1551 466 1750 513 custodit,

222 529 245 543 ‘¹
264 529 379 568 beati
399 529 511 569 enim
532 530 605 581 qui
625 530 806 570 audiunt
826 531 1005 570 verbum
1026 531 1105 570 Dei
1125 536 1167 571 et
1189 533 1436 572 custodiunt
1458 532 1605 571 illud.”
1619 533 1634 556 2
1675 533 1753 571 Per

219 595 403 647 seipsum
437 596 568 635 etiam
601 596 790 648 loquitur
823 596 939 637 Deus
974 597 1113 636 anime
1147 602 1292 638 sancte
1327 611 1449 638 suam
1483 599 1752 638 voluntatem

217 661 475 713 inspirando,
514 667 556 702 et
592 662 859 703 dulcedinem
894 664 1049 703 amoris
1084 664 1148 703 sui
1183 664 1459 712 infundendo,
1497 665 1553 704 ad
1588 669 1757 704 terrena

218 728 560 780 contempnenda
586 733 629 769 et
657 730 827 769 celestia
853 730 1132 769 desideranda
1158 732 1442 781 provocando,
1472 736 1514 771 et
1542 731 1673 770 etiam
1701 731 1757 770 ad

219 795 283 834 sui
309 794 441 845 ipsius
468 795 675 834 visionem
703 800 746 836 et
773 796 1031 837 ineffabilem
1059 797 1304 836 fruitionem
1332 797 1613 844 accendendo,
1643 797 1756 837 unde

218 860 255 900 ei
276 874 350 912 per
371 861 476 901 Osee
498 862 751 913 prophetam
773 863 987 914 promittit
1009 863 1163 909 dicens,
1190 864 1213 877 “
1231 863 1402 903 lactabo
1423 877 1517 903 eam
1538 868 1580 903 et
1602 864 1756 902 ducam

217 927 260 966 in
285 928 558 967 solitudinem
582 932 625 967 et
649 928 799 981 loquar
824 929 879 968 ad
904 943 974 968 cor
998 929 1160 969 eius.”³
1187 930 1253 969 Tu
1277 943 1378 969 vero
1403 930 1437 969 si
1461 943 1652 982 unquam
1676 930 1757 969 hoc

216 993 326 1033 lacte
346 994 585 1033 dulcissime
604 995 903 1035 consolationis
921 996 1053 1048 ipsius
1071 996 1230 1036 refecta
1249 996 1379 1043 fuisti,
1400 1001 1443 1036 et
1463 996 1756 1036 delectabilem

215 1073 365 1100 vocem
389 1061 477 1100 eius
502 1060 671 1108 audisti,
699 1063 833 1113 magis
857 1075 906 1101 ac
930 1063 1065 1113 magis
1090 1063 1145 1101 ad
1168 1062 1324 1102 iterum
1349 1063 1609 1102 audiendum
1634 1075 1756 1102 aures

215 1127 352 1166 cordis
369 1128 657 1175 accommoda,
678 1129 820 1168 dicens
838 1142 935 1168 cum
953 1130 1175 1181 propheta,
1198 1130 1221 1143 “
1242 1129 1416 1168 audiam
1434 1129 1538 1181 quid
1554 1130 1756 1181 loquatur

214 1192 256 1232 in
296 1207 364 1233 me
402 1194 612 1234 Dominus
651 1195 767 1234 Deus
787 1208 793 1234 :
836 1196 1040 1247 quoniam
1078 1196 1276 1247 loquetur
1314 1196 1536 1247 pacem.”4
1592 1195 1756 1235 Indicia

214 1272 312 1310 ergo
345 1260 558 1300 adventus
590 1265 633 1300 et
666 1262 891 1301 locutionis
924 1262 1004 1301 Dei
1037 1266 1136 1301 sunt
1172 1275 1257 1313 pax
1290 1266 1332 1302 et
1366 1262 1676 1314 transquillitas
1709 1262 1753 1301 in

214 1331 357 1366 mente
413 1327 638 1368 audientis,
697 1329 740 1368 Si
796 1328 876 1367 hiis
931 1328 1069 1367 modis
1125 1328 1247 1367 audis
1303 1329 1463 1368 solicite
1519 1328 1754 1368 Dominum

214 1393 472 1444 loquentem,
498 1393 653 1433 dicitur
675 1394 755 1434 tibi
777 1407 863 1433 non
887 1395 1023 1434 solum
1047 1395 1160 1441 audi,
1176 1395 1192 1419 ⁵
1215 1394 1288 1434 sed
1310 1395 1442 1434 etiam
1464 1395 1575 1435 vide.

215 1554 283 1586 DE
317 1555 662 1596 QUADRUPMCI
694 1550 942 1588 ΧῙΙΞΙΟΝΕ.Θ
1348 1557 1638 1588 CAPITULUM
1662 1557 1705 1588 V.

272 1615 408 1667 (146a)
436 1615 543 1655 Vide
568 1616 624 1656 ad
649 1616 867 1664 orientem,
895 1616 951 1656 ad
976 1616 1251 1663 occidentem,
1280 1616 1335 1655 ad
1360 1617 1606 1668 aquilonem
1631 1620 1674 1655 et
1700 1615 1756 1655 ad

214 1681 445 1721 meridiem.
504 1682 571 1721 Ad
592 1682 798 1722 orientem
818 1683 975 1722 scilicet
997 1683 1302 1722 considerando
1322 1683 1598 1723 nativitatem
1618 1687 1752 1729 tuam,

215 1761 345 1799 quam
381 1748 477 1787 vilis
514 1754 556 1788 et
594 1762 725 1801 quam
762 1749 888 1801 plena
924 1749 1112 1796 miseriis,
1152 1749 1379 1796 doloribus,
1418 1749 1751 1795 infirmitatibus,

214 1814 551 1862 necessitatibus,
596 1816 803 1867 angustiis
845 1820 888 1856 et
931 1816 1022 1855 aliis
1064 1815 1193 1855 variis
1234 1815 1513 1854 incommodis
1555 1815 1598 1854 in
1641 1816 1754 1854 hune

214 1881 424 1920 mundum
452 1882 635 1922 intrasti.
695 1882 807 1933 Quid
835 1882 949 1922 enim
977 1886 1041 1922 est
1070 1882 1113 1921 in
1144 1895 1316 1933 corpore
1345 1887 1421 1922 tuo
1450 1887 1542 1922 tam
1571 1881 1754 1921 amabile

216 1952 292 1987 aut
326 1948 532 1999 pulcrum,
570 1949 604 1987 si
638 1949 833 2000 pellicula
867 1962 953 2000 qua
986 1948 1145 1999 tegitur
1178 1948 1343 1988 modice
1377 1953 1640 1995 amoveatur,
1678 1951 1755 1986 aut

214 2013 320 2053 illud
337 2028 363 2054 a
381 2028 553 2066 corpore
571 2020 801 2066 separetur,
822 2028 908 2055 non
926 2015 1075 2055 statim
1094 2016 1170 2055 fiat
1188 2015 1342 2054 odibile
1361 2019 1404 2055 et
1422 2015 1717 2066 turpissimum
1736 2013 1751 2052 ?

216 2080 329 2132 Quid
364 2094 550 2133 namque
587 2081 639 2121 de
675 2082 818 2129 oculis,
859 2081 911 2121 de
948 2081 1134 2129 naribus,
1174 2081 1226 2120 de
1264 2081 1450 2128 auribus,
1491 2081 1542 2120 de
1580 2094 1662 2127 ore,
1703 2080 1754 2119 de

216 2147 389 2199 capillis,
415 2147 466 2187 de
488 2148 713 2199 unguibus,
739 2148 790 2188 de
812 2148 1022 2195 manibus,
1048 2148 1100 2187 de
1122 2147 1302 2199 pedibus
1324 2152 1366 2187 et
1390 2148 1442 2187 de
1463 2152 1558 2188 toto
1581 2159 1754 2198 corpore

215 2213 331 2253 aliud
355 2214 568 2265 egreditur
592 2228 723 2266 quam
749 2215 930 2267 putredo
955 2219 998 2254 et
1023 2215 1145 2261 fetor,
1174 2227 1256 2266 que
1282 2214 1425 2253 omnia
1449 2218 1550 2253 sunt
1574 2213 1754 2252 materia

215 2285 259 2320 et
282 2281 446 2320 occasio
468 2281 732 2328 humiliandi,
759 2285 932 2333 propter
955 2281 1072 2333 quod
1095 2281 1305 2333 propheta
1329 2281 1444 2328 dicit,
1472 2281 1496 2295 “
1514 2279 1754 2319 humiliatio

214 2351 292 2386 tua
326 2347 371 2386 in
407 2347 548 2387 medio
584 2348 650 2388 tui
686 2352 762 2395 est,
803 2348 1005 2388 Israel.”7
1034 2347 1159 2387 Unde
1196 2360 1293 2398 ergo
1330 2347 1522 2399 superbis
1558 2351 1672 2386 terra
1708 2349 1752 2385 et

216 2413 353 2453 cinis?
414 2413 457 2454 Si
496 2414 556 2453 sic
595 2414 814 2466 pulverem
853 2419 896 2454 et
935 2414 979 2454 in
1020 2413 1238 2466 pulverem
1276 2426 1541 2453 reversuram
1580 2417 1623 2452 te
1664 2424 1752 2451 esse

215 2479 418 2531 agnoscis,
448 2484 492 2520 et
518 2480 792 2532 temetipsam
818 2480 933 2521 intra
959 2480 1232 2532 temetipsam
1259 2480 1444 2520 metieris
1472 2478 1753 2531 superbiendo

216 2551 292 2586 aut
315 2546 431 2586 aliud
454 2560 585 2599 quam
608 2560 651 2587 es
675 2547 727 2587 de
750 2552 794 2588 te
816 2547 910 2599 ipsa
931 2546 1132 2587 iactando
1155 2547 1223 2586 vel
1245 2546 1486 2586 estimando
1508 2556 1751 2585 mensuram

264 2685 277 2704 ²
294 2686 395 2718 Ioan.
420 2693 492 2716 vm
515 2685 556 2718 ⁴³⁷.

265 2728 278 2748 2
294 2730 380 2762 Luc.
407 2738 450 2760 X1
474 2729 516 2762 ²⁸.

265 2773 278 2793 ³
293 2775 385 2806 Osee
407 2782 436 2804 11
459 2773 499 2806 ¹⁴.

265 2818 426 2851 ⁴Psa1m.
457 2826 617 2850 LXXXIV
645 2818 670 2851 ⁹.

265 2862 278 2882 ⁵
294 2864 426 2895 Psalm.
453 2871 547 2894 XL1v
567 2862 607 2895 1¹.

265 2907 279 2926 ⁶
294 2908 420 2939 Medit.
441 2909 486 2939 de
506 2907 618 2939 Hum.
641 2907 754 2939 Cond.
777 2908 910 2948 Mjgne,
931 2906 1018 2939 P.L.
1039 2913 1222 2936 CLXXXIV
1240 2904 1300 2937 ⁴²⁹⁴.

265 2951 278 2971 ⁷
293 2953 401 2984 Mich.
422 2959 461 2982 VI
483 2950 523 2984 ²¹².
