1934 3260
29 1167 77 1196 10

31 1497 78 1538 15

31 1830 81 1860 20

32 2240 81 2280 25

37 2571 86 2609 30

149 384 422 479 Incipit
510 384 906 461 Instructio
1011 385 1146 461 Pie
1226 385 1554 464 Vivendi
1607 403 1677 462 et

491 505 833 599 Superna
884 506 1331 584 Meditandi.

142 696 211 727 DE
245 694 530 726 EXTERIORI
563 693 929 726 CONVERSIONE.
1285 694 1575 726 CAPITULUM
1601 693 1628 726 Ι.

198 756 221 770 “
240 755 381 794 Audi1
417 754 503 793 filia
537 759 580 794 et
616 754 714 793 vide
749 758 791 793 et
827 754 983 793 inclina
1018 767 1164 793 aurem
1199 759 1320 794 tuam
1356 759 1398 794 et
1435 754 1679 793 obliviscere

142 822 348 874 populum
367 825 491 860 tuum
510 825 552 860 et
572 820 748 859 domum
767 821 900 872 patris
912 821 927 844 2
946 821 1022 867 tui,
1045 825 1087 860 et
1106 821 1376 872 concupiscet
1392 833 1467 860 reX
1486 820 1680 859 decorem

141 888 339 928 tuum.''3
394 887 462 926 Ad
495 887 611 938 quod
643 887 821 926 forsitan
854 887 1082 939 respondes
1115 892 1159 927 et
1192 887 1307 934 dicis,
1345 887 1551 926 “factum
1584 890 1676 925 est:

143 954 286 994 omnia
307 955 383 993 hec
405 953 591 1005 plenarie
612 953 855 1005 adimplevi.
913 953 1072 992 Audivi
1093 954 1206 993 enim
1228 953 1486 993 salutaribus
1507 952 1681 998 monitis

144 1020 490 1072 obtemperando,
538 1024 581 1059 et
626 1020 682 1059 ad
726 1020 832 1059 bene
877 1020 1090 1071 agendum
1134 1033 1201 1059 me
1246 1019 1525 1072 preparandO.
1584 1017 1682 1057 Vidi

144 1092 300 1127 cuncta
314 1092 481 1126 terrena
496 1099 635 1125 vacua
649 1091 692 1126 et
708 1086 869 1125 caduca
884 1099 972 1125 esse
988 1086 1306 1132 considerando,
1325 1099 1376 1125 ea
1390 1084 1678 1137 relinquendo,

143 1154 386 1205 religionem
418 1153 631 1199 intrando,
667 1157 808 1192 vestes
841 1158 883 1192 et
917 1153 1114 1192 habitum
1147 1152 1466 1192 commutando.
1524 1152 1682 1190 Aurem

144 1233 285 1259 meam
315 1220 516 1259 inclinavi
547 1219 785 1258 obedientie
817 1223 861 1258 et
892 1220 1065 1271 prelatis
1095 1232 1162 1258 me
1194 1218 1466 1265 subiiciendo,
1500 1217 1682 1268 denique

146 1287 280 1326 oblita
298 1299 393 1325 sum
412 1286 617 1337 populum
636 1299 779 1325 meum
798 1290 840 1325 et
861 1285 1036 1324 domum
1055 1286 1189 1337 patris
1207 1285 1302 1332 mei,
1324 1285 1509 1337 patriam
1527 1295 1680 1329 meam,

146 1358 349 1404 cognatos
385 1357 428 1391 et
466 1356 663 1404 parentes
699 1365 815 1391 meos
853 1352 1095 1392 deserendo.
1154 1352 1267 1403 Quid
1295 1364 1392 1402 ergo
1420 1351 1507 1390 iarn
1533 1354 1681 1395 restat,

146 1420 226 1459 nisi
249 1424 297 1459 ut
321 1419 407 1458 filia
429 1419 508 1458 Dei
531 1419 643 1464 fiam,
669 1423 713 1457 et
735 1418 836 1469 ipse,
862 1418 936 1470 qui
961 1419 1097 1470 (139a)
1124 1423 1187 1458 est
1209 1431 1284 1457 reX
1306 1430 1464 1469 regum,
1490 1416 1685 1455 decorem

147 1499 290 1525 meum
317 1485 590 1537 concupiscat
609 1485 657 1524 ?''
714 1485 783 1523 Ad
811 1484 927 1536 quod
954 1484 1231 1536 responde0,4
1261 1485 1451 1523 “revera
1478 1483 1556 1522 hec
1584 1485 1685 1520 sunt

148 1552 332 1605 quedam
355 1552 475 1603 signa
497 1557 539 1591 et
562 1551 688 1590 inicia
710 1551 754 1590 in
778 1555 821 1590 te
843 1551 1054 1602 religionis
1076 1555 1119 1590 et
1143 1550 1428 1590 conversionis
1451 1547 1683 1593 exterioris,

148 1620 221 1659 sed
257 1631 408 1671 parum
444 1622 520 1657 aut
556 1618 685 1657 nichil
720 1622 911 1669 prosunt,
950 1618 1031 1656 nisi
1065 1630 1203 1656 mores
1238 1622 1281 1656 et
1318 1621 1440 1656 actus
1475 1613 1687 1654 mutando

147 1686 324 1726 interius
378 1684 653 1736 spiritualiter
704 1684 987 1730 renovaveris,
1043 1697 1117 1736 per
1169 1683 1284 1735 quod
1351 1696 1426 1722 rex
1494 1680 1686 1721 Christus

148 1752 404 1803 angelorum,
439 1751 540 1803 qui5
570 1755 634 1790 est
666 1750 878 1802 speciosus
909 1751 1046 1789 forma
1070 1763 1142 1802 pre
1168 1750 1262 1789 filiis
1285 1749 1518 1794 hominum,
1545 1746 1685 1786 hunc⁶

147 1819 354 1858 veraciter
380 1818 616 1870 preciosum
643 1817 837 1856 decorem
864 1816 1088 1869 dignanter
1115 1816 1400 1868 concupiscat,
1430 1827 1480 1854 ac
1506 1826 1579 1865 per
1606 1813 1686 1851 hoc

148 1885 192 1925 in
214 1885 346 1937 ipsius
369 1884 572 1923 ffliatione
595 1883 747 1922 merito
770 1883 990 1935 reputeris.

149 2025 217 2056 DE
251 2023 596 2065 QUADRUPLICI
632 2022 767 2054 PACE.
1271 2019 1561 2053 CAPITULUM
1587 2018 1635 2049 11.

204 2096 339 2147 Igitur
365 2099 414 2134 ut
442 2095 528 2134 filia
553 2094 633 2133 Dei
659 2093 869 2132 nominari
895 2098 938 2133 et
965 2106 1054 2133 esse
1079 2093 1288 2139 merearis,
1319 2095 1487 2144 oportet
1514 2094 1563 2130 ut
1590 2102 1688 2128 curn

150 2167 346 2214 quatuor,
381 2161 578 2201 videlicet
611 2173 709 2199 cum
741 2160 844 2207 Deo,
881 2160 1065 2212 prelatis,
1102 2160 1318 2199 sodalibus
1351 2158 1437 2198 tuis
1469 2161 1512 2196 et
1544 2160 1688 2196 tecum

150 2229 326 2281 pacifica
370 2227 612 2267 inveniaris.
671 2227 776 2266 Cum
823 2227 915 2266 Deo
962 2227 1122 2278 utique,
1172 2226 1309 2266 tribus
1355 2224 1493 2264 modis
1540 2234 1689 2275 pacem

150 2296 365 2341 reformas,
415 2294 612 2333 videlicet
660 2289 837 2345 peccata
883 2293 1160 2344 relinquendo
1208 2297 1251 2332 et
1299 2291 1354 2331 ad
1401 2291 1515 2329 bona
1562 2300 1690 2340 opera

151 2362 326 2401 viriliter
357 2360 626 2411 assurgendO,
660 2364 702 2399 et
732 2359 775 2398 in
806 2359 908 2411 ipsis
937 2360 1163 2411 vigilanter
1193 2356 1515 2411 perseverando
1574 2355 1686 2394 Hinc

152 2428 309 2468 etenim
327 2427 548 2479 psalmista
567 2426 639 2472 ait,
663 2427 685 2440 “
706 2425 870 2465 declina
888 2439 913 2465 a
930 2426 1055 2473 malo,
1077 2430 1119 2466 et
1138 2426 1206 2465 fac
1224 2426 1384 2464 bonum
1404 2436 1411 2463 :
1434 2427 1476 2462 et
1494 2421 1690 2461 inhabita

152 2495 195 2533 in
219 2494 406 2534 seculum
429 2493 600 2539 seculi,”
614 2494 628 2517 7
643 2492 800 2532 scilicet
823 2492 866 2531 in
890 2497 1004 2532 terra
1015 2492 1266 2538 viventium,
1283 2491 1338 2530 ad
1361 2501 1491 2541 quam
1515 2487 1688 2527 minime

154 2561 398 2613 pervenitur
418 2560 498 2598 nisi
517 2560 726 2598 bonorum
747 2571 922 2610 operum
942 2559 1104 2598 meritis
1124 2563 1166 2598 et
1188 2557 1443 2610 perfectione
1463 2554 1688 2593 virtutum.

202 2666 285 2743 ἓξὲξ
308 2667 392 2715 Heli
414 2666 645 2698 Meidenhad.
671 2665 845 2697 E.E.T.S.
873 2665 991 2705 (1866)
1010 2675 1044 2707 p.
1071 2666 1090 2696 3
1108 2676 1114 2702 ;
1134 2665 1306 2704 Keating,
1324 2664 1440 2694 Three
1457 2661 1593 2695 Shafts,
1612 2657 1683 2690 97³.

203 2755 217 2773 ³
231 2732 296 2787 {³5
315 2720 409 2785 ἓξὲξ*
430 2753 469 2785 ²¹.

203 2799 338 2862 {Rem
358 2806 387 2828 11
405 2799 530 2861 Sirmo
546 2798 584 2829 in
601 2797 731 2839 Capite
750 2797 892 2829 Ieiunii.
912 2799 1034 2838 Migne
1052 2798 1138 2828 P.L.
1158 2803 1344 2827 CLXXXIII
1363 2792 1420 2825 1⁷².

204 2887 217 2906 ⁵
232 2845 513 2928 ffiigffiglgvirg.
531 2885 548 2927 ἓ
567 2893 641 2918 LIV.
662 2885 794 2925 Migne,
816 2886 900 2917 P.L.
923 2894 974 2917 XL
991 2884 1038 2904 ⁴²⁸
1056 2896 1062 2922 ;
1084 2886 1188 2917 Scala
1206 2885 1343 2916 Claust.
1362 2881 1378 2922 §
1397 2889 1443 2911 IX
1462 2890 1467 2917 ;
1496 2878 1676 2913 Bemard,

158 2933 269 2965 Serm.
287 2933 326 2963 in
345 2932 450 2963 Cant.
474 2939 502 2960 II
520 2930 543 2968 ²,
565 2932 697 2971 Migne,
720 2930 804 2963 P.L.
826 2938 1012 2961 CLXXXIII
1032 2929 1082 2948 ⁷⁹⁰

204 2977 216 2995 7
232 2978 289 3009 Ps.
308 2984 439 3007 XXXVI
455 2975 495 3007 2⁷.
1665 2973 1690 2995 A
