2001 3250
243 214 294 253 60
645 212 986 252 INSTRUCTIO
1012 213 1107 252 PIE
1128 212 1374 252 VIVENDI

249 352 367 396 patet
400 345 514 396 quod
546 344 596 382 de
629 344 884 394 quibusdam
915 344 1184 383 conceditur:
1220 344 1292 383 sed
1324 350 1480 389 tamen,
1515 348 1563 382 ut
1595 343 1770 394 predixi,

250 413 327 450 hoc
361 412 410 450 de
445 410 586 461 parvis
618 410 884 460 minimisque
918 411 1101 461 peccatis
1134 410 1220 449 fieri
1254 423 1373 461 posse
1407 409 1661 448 credendum
1694 415 1770 456 est,

247 478 355 516 sicut
384 486 446 516 est
477 476 669 515 assiduus
699 476 861 514 ociosus
891 489 1037 522 sermo,
1069 476 1373 515 immoderatus
1401 476 1520 521 risus,
1552 481 1627 515 aut
1657 488 1770 514 error

246 543 481 593 ignorantie
504 543 545 580 in
569 555 653 580 non
675 542 876 592 gravibus
896 542 1021 581 rebus
1043 555 1125 593 que
1147 548 1302 581 cuncta
1323 543 1453 581 etiam
1475 546 1570 593 post
1594 546 1774 580 mortem

156 620 178 657 5
248 614 440 659 gravant,
474 608 507 647 si
537 608 675 646 adhuc
704 608 747 646 in
777 609 856 646 hac
886 608 977 647 vita
1006 608 1154 659 positis
1183 608 1355 647 minime
1385 608 1539 647 fuerint
1568 608 1771 647 relaxata.

250 675 361 713 Nam
402 687 499 713 cum
541 674 696 713 Paulus
738 674 851 713 dicat
894 674 1106 713 Christum
1147 687 1234 713 esse
1276 674 1602 713 fundamentum
1645 679 1774 724 atque

250 741 490 791 subiungat,
528 740 604 778 “si
637 740 731 791 quis
763 740 1147 791 superedificaverit
1181 753 1304 791 super
1336 741 1415 779 hoc
1448 740 1775 779 fundamentum

251 820 412 853 aurum,
455 812 688 857 argentum,
732 806 892 857 lapides
931 806 1150 858 preciosos,
1192 806 1316 857 ligna,
1359 807 1515 852 fenum,
1558 806 1772 858 stipulam,

249 873 576 923 uniuscuiusque
604 885 710 923 opus
738 873 861 923 quale
890 873 943 911 sit
971 873 1078 923 ignis
1105 872 1315 923 probabit,
1345 872 1434 923 ipse
1462 876 1606 911 autem
1634 872 1776 911 salvus

133 948 182 975 10
250 940 340 986 erit,
368 940 425 978 sic
449 945 592 978 tamen
618 939 738 990 quasi
763 952 835 989 per
859 938 1060 989 ignem,”1
1085 939 1280 990 quamvis
1304 940 1383 977 hoc
1408 939 1459 977 de
1483 938 1576 989 igne
1600 938 1775 977 tribula-

251 1006 378 1045 tionis
405 1006 447 1044 in
476 1006 555 1044 hac
582 1005 704 1043 nobis
732 1005 820 1043 vite
849 1005 1042 1044 adhibito
1070 1005 1201 1056 possit
1229 1004 1416 1055 intelligi,
1447 1009 1591 1043 tamen
1621 1004 1654 1043 si
1683 1004 1777 1055 quis

252 1073 330 1111 hoc
353 1072 403 1110 de
426 1072 520 1122 igne
543 1071 684 1110 future
708 1071 969 1122 purgationis
992 1071 1183 1122 accipiat,
1210 1071 1492 1122 pensandum2
1515 1070 1674 1109 solicite
1697 1074 1773 1116 est,

251 1139 351 1190 quia
383 1138 501 1176 illum
536 1138 643 1176 dixit
678 1150 750 1188 per
783 1138 923 1187 ignem
957 1150 1077 1188 posse
1111 1137 1276 1183 salvari,
1313 1150 1397 1175 non
1433 1137 1505 1188 qui
1539 1149 1663 1188 super
1696 1137 1776 1175 hoc

250 1205 577 1243 fundamentum
604 1204 772 1249 ferrum,
802 1217 856 1249 es,
886 1204 954 1242 vel
981 1204 1203 1255 plumbum
1230 1203 1410 1249 edificat,
1440 1203 1484 1242 id
1511 1207 1574 1242 est
1602 1206 1778 1254 peccata

134 1277 181 1316 15
250 1271 410 1309 maiora
434 1275 475 1309 et
500 1270 653 1309 idcirco
678 1270 846 1309 duriora
870 1275 999 1321 atque
1024 1276 1126 1309 tunc
1149 1270 1235 1308 iam
1258 1269 1530 1315 insolubilia‚³
1553 1269 1626 1307 sed
1649 1269 1774 1319 ligna,

251 1337 407 1383 fenum,
444 1337 657 1387 stipulam,
694 1337 737 1374 id
772 1341 834 1376 est
870 1341 1045 1388 peccata
1078 1336 1253 1374 minima
1287 1341 1416 1386 atque
1450 1335 1661 1374 levissima
1695 1347 1777 1385 que

250 1404 357 1454 ignis
388 1403 582 1442 facillime
614 1407 847 1441 consumat.
907 1403 1000 1441 Hoc
1031 1407 1174 1441 tamen
1207 1402 1423 1440 sciendum
1453 1406 1529 1446 est,
1564 1401 1664 1452 quia
1694 1401 1778 1439 illic

251 1470 401 1508 saltem
427 1470 477 1508 de
502 1469 685 1507 minimis
710 1469 767 1507 nil
793 1469 969 1520 quisque
994 1468 1255 1519 purgationis
1283 1468 1420 1519 (189b)
1449 1467 1670 1513 obtinebit,
1697 1466 1778 1505 nisi

252 1536 372 1574 bonis
399 1536 478 1574 hoc
507 1536 672 1574 actibus
699 1535 741 1573 in
770 1536 849 1574 hac
877 1535 1015 1573 adhuc
1043 1535 1135 1574 vita
1162 1534 1336 1585 positus
1368 1538 1415 1573 ut
1444 1534 1541 1572 illuc
1570 1533 1774 1579 obtineat,

130 1608 182 1635 20
250 1606 550 1653 promereatur,
582 1606 624 1640 et
654 1601 901 1652 plerumque
931 1601 981 1639 de
1011 1601 1144 1652 culpis
1173 1600 1357 1638 minimis
1385 1600 1473 1651 ipse
1503 1600 1615 1638 solus
1644 1611 1777 1650 pavor

251 1668 509 1718 egredientes
565 1668 728 1706 animas
782 1668 991 1706 iustorum
1048 1671 1213 1718 purgat.
1272 1667 1383 1705 Luce
1440 1666 1569 1704 etiam
1626 1665 1777 1704 clarius

251 1739 419 1773 constat
447 1734 547 1785 quia
574 1734 856 1785 perfectorum
882 1733 1091 1772 iustorum
1119 1732 1256 1771 anime
1284 1745 1384 1771 mox
1412 1736 1460 1770 ut
1489 1732 1613 1770 huius
1641 1731 1777 1770 carnis

251 1805 406 1839 exeunt
445 1800 662 1845 claustra,4
697 1800 739 1838 in
778 1799 1000 1838 celestibus
1038 1799 1206 1838 sedibus
1242 1798 1514 1849 recipiuntur.
1572 1797 1696 1849 Quod
1733 1801 1776 1836 et

250 1867 342 1917 ipsa
365 1879 438 1917 per
462 1879 504 1904 se
527 1866 693 1905 Veritas
716 1870 948 1904 attestatur
972 1865 1125 1911 dicens,
1154 1866 1176 1879 ‘¹
1195 1865 1436 1915 ubicunque
1461 1864 1587 1903 fuerit
1611 1876 1774 1914 corpus,

132 1937 180 1975 25
249 1932 346 1971 illuc
363 1932 729 1982 congregabuntur
745 1937 787 1971 et
804 1931 1006 1983 aquile,’'5
1022 1931 1122 1982 quia
1137 1931 1210 1970 ubi
1225 1931 1313 1982 ipse
1329 1931 1571 1981 redemptor
1587 1929 1776 1968 omnium

251 2003 315 2037 est
346 2011 528 2049 corpore,
562 1998 659 2036 illuc
690 1998 835 2049 procul
866 1998 996 2036 dubio
1027 1997 1279 2047 colliguntur
1310 2002 1352 2035 et
1384 1996 1522 2035 anime
1552 1996 1774 2034 iustorum.

252 2066 309 2104 Et
344 2065 499 2103 Paulus
533 2064 704 2103 dissolvi
737 2064 946 2103 desiderat
981 2067 1023 2102 et
1058 2077 1154 2102 cum
1189 2063 1354 2102 Christo
1387 2062 1507 2101 esse.⁶
1564 2061 1646 2113 Qui
1679 2073 1776 2111 ergo

250 2131 293 2169 in
327 2131 415 2169 celo
448 2130 660 2170 Christum
692 2143 781 2169 esse
814 2143 899 2169 non
933 2130 1116 2175 dubitat,
1153 2142 1228 2168 nec
1258 2129 1377 2167 Pauli
1402 2128 1588 2167 animam
1617 2140 1704 2166 esse
1732 2127 1776 2165 in

251 2197 339 2235 celo
394 2201 533 2247 negat.
592 2197 673 2247 Qui
728 2196 858 2235 etiam
913 2196 1231 2236 dissolutionem
1288 2195 1352 2234 sui
1407 2194 1591 2245 corporis
1646 2198 1776 2244 atque

129 2267 180 2304 30
249 2262 604 2302 inhabitationem
656 2268 801 2314 patere
853 2262 1016 2301 celestis
1068 2262 1182 2307 dicit,
1239 2261 1436 2300 “scimus
1488 2260 1689 2311 quoniam
1742 2258 1776 2297 si

250 2328 458 2368 terrestris
493 2329 643 2368 domus
679 2329 803 2368 huius
838 2327 1116 2367 habitationis
1151 2327 1418 2373 dissolvatur,
1458 2326 1573 2377 quod
1608 2325 1774 2364 edifica-

249 2395 410 2434 tionem
442 2395 647 2434 habemus
679 2408 731 2434 ex
764 2395 867 2440 Deo,
903 2394 1077 2433 domum
1109 2407 1195 2432 non
1228 2406 1359 2432 manu
1391 2393 1551 2431 factam
1584 2396 1774 2430 eternam

250 2461 293 2500 in
335 2460 493 2501 celiS.''⁷
549 2461 661 2500 Hinc
702 2473 869 2512 quoque
910 2461 1061 2499 beatus
1100 2459 1363 2510 Augustinus
1403 2458 1517 2504 dicit,
1563 2458 1586 2471 “
1605 2461 1775 2508 tempus

251 2530 407 2571 autem,
444 2526 558 2578 quod
582 2527 691 2566 inter
716 2527 897 2566 hominis
929 2530 1110 2565 mortem
1137 2530 1180 2565 et
1208 2525 1404 2564 ultimam
1427 2523 1773 2563 resurrectionem

298 2619 309 2638 ¹
324 2629 336 2650 1
356 2623 401 2652 ad
422 2621 500 2652 Cor.
522 2620 657 2653 11111-15.

296 2663 308 2682 ²
324 2666 387 2695 ΜΒ,
412 2667 645 2705 pausandum

295 2707 388 2739 ³Ms.
413 2709 553 2740 scilieet

295 2751 308 2770 4
324 2753 467 2784 Lucret.
490 2752 560 2787 14¹⁶,
582 2752 688 2789 111397,
710 2752 824 2784 x³111⁵².

295 2795 408 2828 ⁵Luc.
437 2796 564 2826 xvu³⁷.

295 2839 369 2872 ⁶ad
394 2841 486 2871 Phil.
511 2839 566 2871 1²³.

296 2883 308 2902 ⁷
323 2892 351 2914 11
373 2885 419 2916 ad
442 2885 521 2916 Cor.
545 2883 596 2915 v1.
