2001 3250
136 987 184 1014 10

134 1359 180 1399 15

129 1691 179 1719 20

126 2349 176 2386 30

124 2677 173 2715 35

260 253 307 293 80
652 251 995 291 INSTRL'CTIO
1021 251 1115 289 PIE
1139 252 1382 291 VIVENDI

260 384 323 435 (20
331 384 398 433 5b)
424 383 650 429 mediteris,
674 387 748 421 aut
773 382 957 432 psalmos
979 382 1066 421 sive
1088 383 1192 421 alias
1214 383 1426 422 orationes
1448 383 1574 429 dicas,
1599 397 1651 422 ne
1674 383 1793 434 signa

258 463 330 489 seu
374 450 570 488 levitates
613 448 806 487 faciendo
849 448 936 487 sive
980 452 1123 488 mente
1166 450 1362 499 vagando
1405 450 1593 488 fructum
1635 450 1792 489 laboris

257 516 444 555 amittas.
503 515 608 553 Cum
643 514 896 552 monialibus
930 514 1142 553 extraneis
1176 515 1263 554 sive
1299 515 1538 566 hospitibus
1571 528 1792 566 nunquam

256 593 455 629 magnam
505 580 839 618 familiaritatem
890 580 1060 626 habeas,
1113 581 1214 631 quia
1263 581 1381 620 cuius
1430 581 1667 620 voluntatis
1716 586 1792 620 aut

255 646 464 695 religionis
499 650 598 684 sunt
633 645 812 695 ignoras.
872 645 977 684 Cum
1013 646 1188 685 custode
1224 647 1378 685 laboris
1413 660 1634 698 nunquam
1670 647 1792 686 facile

254 717 297 751 et
329 712 407 749 nisi
440 713 513 750 fiat
545 724 620 762 pro
651 711 902 750 necessitate
933 712 1130 762 loquaris,
1164 725 1290 763 quem
1322 713 1354 751 si
1387 713 1556 752 aliunde
1588 713 1788 759 custodis,

254 779 385 816 verba
411 791 494 815 non
522 777 788 828 multiplices,
818 790 869 816 ne
897 777 989 816 aliis
1016 777 1089 816 des
1115 779 1378 817 occasionem
1405 779 1720 817 scandalizandi
1748 783 1791 818 et

253 857 305 882 ne
342 844 552 882 orationes
587 856 733 882 earum
769 843 1056 894 impediantur
1093 844 1310 883 occasione
1339 850 1411 884 tue
1440 845 1688 883 locacitatis.
1748 844 1791 884 Si

253 922 428 959 magnos
457 909 621 947 labores
650 922 735 948 non
766 914 887 960 potes
917 910 1135 956 sustinere,
1169 910 1386 949 vilioribus
1416 915 1458 949 et
1489 910 1790 949 abiectioribus

252 988 323 1014 eos
348 976 519 1014 studeas
542 988 872 1027 recompensare.

253 1092 320 1123 DE
345 1091 518 1122 EUNDO
544 1091 597 1121 IN
621 1092 718 1122 VIA.
1320 1092 1609 1123 CAPITULUM
1633 1091 1787 1122 XLVII.

309 1152 420 1189 Raro
452 1156 493 1190 et
525 1164 610 1189 non
643 1151 763 1190 facile
795 1164 931 1202 neque
962 1151 1141 1190 libenter
1167 1152 1219 1190 de
1250 1152 1507 1190 monasterio
1538 1151 1791 1202 egrediaris:

253 1217 367 1268 quod
409 1217 443 1255 si
485 1217 654 1256 aliunde
698 1222 865 1268 oportet
909 1217 1008 1263 fieri,
1054 1217 1178 1256 citius
1220 1231 1350 1268 quam
1391 1222 1513 1269 potes
1553 1217 1790 1262 revertaris,

252 1296 498 1334 semperque
525 1283 664 1333 cogita
690 1283 805 1334 quod
831 1288 1001 1334 tempus
1027 1297 1111 1322 non
1137 1297 1404 1322 reversurum
1430 1284 1597 1329 transit,
1628 1288 1670 1322 et
1696 1283 1793 1322 ideo

251 1349 384 1399 magis
404 1349 546 1388 doleas
567 1349 601 1387 si
619 1349 723 1388 illud
743 1349 940 1399 vagando
960 1354 1002 1388 et
1024 1350 1295 1389 discurrendo
1316 1350 1492 1389 amittis.
1553 1350 1791 1400 Quantum-

249 1428 415 1466 cunque
443 1415 670 1454 demoreris
696 1415 953 1467 quandoque
981 1415 1156 1454 tandem
1182 1416 1280 1454 illuc
1308 1415 1522 1467 oportebit
1550 1420 1593 1454 te
1619 1415 1788 1454 reverti.

251 1481 355 1520 Cum
383 1481 483 1519 foris
509 1494 564 1527 es,
594 1495 679 1520 non
707 1494 883 1531 magnas
910 1481 1040 1520 facias
1066 1495 1284 1533 expensas,
1313 1495 1390 1521 nec
1417 1495 1442 1520 a
1469 1494 1687 1532 quoquam
1714 1494 1791 1531 pro

249 1551 292 1586 te
323 1547 410 1586 fieri
440 1548 676 1598 permittas.
737 1548 843 1586 Cum
890 1548 1035 1599 aliquo
1080 1548 1184 1595 viro,
1235 1548 1433 1599 quamvis
1479 1552 1661 1598 cognato
1710 1551 1785 1585 aut

248 1613 440 1663 religioso
490 1627 711 1665 nunquam
761 1614 850 1652 sola
900 1614 1045 1652 sedeas
1095 1618 1170 1653 aut
1221 1614 1418 1666 loquaris,
1472 1627 1523 1652 ne
1575 1613 1666 1651 aliis
1716 1613 1790 1651 des

249 1680 511 1718 occasionem
551 1685 593 1718 et
634 1680 859 1719 materiam
898 1680 1008 1718 male
1049 1680 1228 1719 dicendi.
1287 1681 1324 1719 A
1364 1679 1498 1718 sodali
1538 1684 1614 1718 tua
1654 1679 1788 1717 nulla-

248 1749 373 1785 tenus
398 1746 624 1796 disiungas,
652 1759 705 1785 ne
730 1746 822 1797 ipsa
848 1750 923 1785 aut
950 1751 999 1785 tu
1024 1746 1197 1798 aliquod
1223 1746 1528 1785 detrimentum
1556 1745 1692 1796 (2068.)
1721 1744 1789 1783 vel

247 1811 469 1850 infamiam
504 1812 705 1851 incurras.
766 1813 815 1851 In
852 1812 992 1851 verbis
1029 1817 1072 1851 et
1108 1813 1296 1851 motibus
1332 1816 1408 1851 aut
1444 1816 1567 1862 gestu
1603 1811 1790 1862 corporis

248 1877 313 1917 tui
347 1878 510 1916 cunctis
545 1878 618 1916 des
652 1878 894 1929 exemplum
928 1879 1165 1917 edificandi.
1225 1878 1492 1918 Secularibus
1526 1881 1568 1916 et
1603 1877 1789 1916 maxime

247 1943 349 1982 viris
369 1957 590 1994 nunquam
611 1945 715 1982 velis
737 1957 824 1982 esse
847 1944 1076 1990 familiaris,
1100 1958 1177 1983 nec
1200 1945 1305 1983 filios
1327 1949 1401 1983 aut
1425 1944 1530 1982 filias
1552 1943 1793 1994 spirituales

248 2009 384 2048 facere
411 2011 562 2055 cures,l
591 2011 668 2048 sub
696 2010 913 2049 occasione
939 2024 1009 2049 eos
1036 2010 1322 2056 convertendi,
1353 2010 1555 2061 quoniam
1581 2009 1665 2047 ista
1690 2012 1791 2047 sunt

248 2076 369 2127 quasi
414 2076 631 2115 subversio
677 2081 718 2115 et
764 2077 988 2115 evacuatio
1033 2077 1188 2127 quietis
1232 2077 1363 2115 animi
1408 2089 1456 2114 ac
1499 2074 1693 2125 religiosi.
1753 2075 1791 2113 A

246 2142 413 2180 nemine
450 2142 580 2180 etiarn
617 2142 781 2181 somnia
818 2147 892 2181 aut
929 2143 1113 2181 visiones
1149 2143 1358 2194 unquam2
1394 2141 1555 2180 curiose
1591 2140 1790 2191 vagando

246 2208 446 2258 requiras,
480 2208 552 2246 sed
582 2208 716 2258 magis
747 2209 859 2246 bona
889 2221 1017 2259 opera
1047 2214 1088 2247 et
1119 2209 1314 2254 virtutes,
1347 2208 1502 2259 quibus
1532 2207 1586 2245 ad
1616 2207 1790 2245 meliora

247 2274 468 2324 proficias:
506 2274 577 2312 illa
611 2274 724 2312 enim
758 2274 913 2313 indicia
947 2279 1046 2313 sunt
1082 2275 1371 2326 superstitiose
1406 2273 1676 2318 curiositatis,
1714 2273 1789 2311 hec

246 2351 346 2377 vero
374 2340 546 2378 virtutis
575 2345 616 2378 et
646 2341 808 2378 veracis
836 2340 1073 2390 religionis:
1106 2354 1178 2392 per
1207 2341 1278 2379 illa
1308 2340 1498 2378 similiter
1527 2339 1789 2389 requirentes

246 2410 319 2444 aut
349 2406 539 2456 requisiti
567 2406 822 2457 quandoque
850 2406 892 2444 in
921 2419 1103 2445 errorem
1131 2407 1404 2451 inducuntur,
1435 2418 1508 2456 per
1536 2405 1612 2443 hec
1641 2409 1790 2443 autem

246 2471 428 2521 primitie
447 2472 680 2510 dulcedinis
697 2472 825 2522 glorie
843 2473 1006 2511 celestis
1024 2486 1166 2511 secure
1183 2472 1465 2524 possidentur.
1497 2471 1645 2521 Neque
1659 2470 1790 2509 etiam

246 2549 434 2587 unquam
456 2537 664 2576 discurras
687 2539 903 2577 occasione
926 2539 1137 2577 orationes
1159 2544 1200 2577 et
1223 2539 1328 2578 talia
1345 2536 1598 2589 queritandi,
1625 2536 1726 2586 quia
1755 2535 1790 2574 si

246 2614 318 2652 per
344 2603 421 2640 hoc
446 2603 659 2641 interdum
685 2604 839 2642 videris
865 2604 1027 2655 aliquid
1052 2605 1216 2650 lucrari,
1244 2610 1389 2643 tamen
1414 2603 1457 2641 in
1483 2602 1791 2641 detrimentum

244 2668 437 2717 acquiris
500 2669 599 2719 quia
657 2670 882 2716 nonnullis,
945 2671 1100 2721 quibus
1158 2683 1346 2721 egressus
1405 2669 1650 2718 denegatur,
1713 2667 1790 2706 dat

244 2733 506 2772 occasionem
559 2736 851 2774 murmurandi
904 2736 991 2774 sive
1045 2736 1385 2775 scandalizandi:
1443 2738 1616 2785 propter
1671 2733 1794 2784 quod

293 2814 304 2833 ¹
322 2816 412 2846 Hen.
438 2817 524 2847 Salt.
579 2818 644 2849 Ms.
667 2818 764 2850 Cott.
788 2819 896 2851 Nero.
920 2820 972 2850 Αἵ
994 2820 1020 2850 ff
1046 2821 1137 2851 ll9b
1168 2821 1267 2851 1202.
1321 2817 1512 2850 Chronicle
1542 2817 1582 2849 of
1614 2817 1796 2848 Matthew

247 2859 348 2890 Paris
378 2860 494 2898 (Rolls
524 2861 666 2900 Series).

292 2902 304 2920 ²
320 2904 384 2934 ΜΞ,
411 2913 603 2944 nunquam
