2001 3250
113 980 161 1007 10

111 1639 130 1664 2
137 1638 160 1663 O

108 2339 160 2376 30

110 2667 161 2705 35

234 258 287 299 94
629 246 686 284 IN
695 245 968 285 sTRUCTlo
994 245 1087 282 PIE
1111 243 1354 283 VIVENDI

234 378 462 416 merebitur
489 376 698 415 inebriari.
757 377 792 415 O
822 388 918 414 vere
948 376 1075 414 beata
1103 380 1145 414 et
1174 376 1325 414 merito
1353 373 1607 419 veneranda,
1639 386 1765 424 quae—

234 457 398 493 cunque
435 455 478 481 es
514 442 584 480 illa
621 442 762 480 anima
800 454 880 492 que
918 441 976 479 sic
1013 441 1068 479 ad
1104 442 1180 480 hec
1217 440 1522 492 preciosissima
1558 439 1767 477 foramina

233 509 410 547 dulciter
434 513 475 546 et
501 508 769 546 abundanter
795 507 978 545 bibendo
1002 507 1259 546 incessanter
1283 506 1502 546 inebriaris
1527 510 1638 543 certe
1663 505 1767 543 velis

233 575 349 620 nolis,
375 578 542 624 oportet
566 577 613 611 ut
638 573 752 611 ebrio
775 573 933 611 carnali
956 585 1029 623 per
1052 573 1194 611 omnia
1216 572 1491 624 spiritualiter
1514 570 1768 611 assimileris.

233 640 385 678 Ebrius
424 652 608 689 namque
648 639 904 689 quandoque
943 639 1094 689 plorat,
1137 643 1178 677 et
1219 643 1268 677 tu
1307 638 1488 677 lacrimis
1527 637 1767 676 devotionis

233 705 509 756 perfundaris.
569 704 723 743 Ebrius
778 704 947 754 gaudet,
1006 708 1049 743 et
1106 709 1154 743 tu
1211 708 1428 754 gratanter
1483 703 1525 742 in
1583 703 1766 741 Domino

230 771 478 809 iocunderis.
538 770 692 808 Ebrius
738 774 897 816 cantat,
947 774 989 808 et
1036 774 1085 809 tu
1132 770 1262 808 iubilo
1309 770 1446 808 cordis
1491 768 1767 819 spiritualiter

231 837 461 875 delecteris.
520 836 674 874 Ebrius
711 836 833 881 ridet,
875 840 916 874 et
955 840 1004 874 tu
1042 836 1127 874 risu
1166 836 1308 874 celesti
1345 835 1555 886 replearis.
1614 834 1768 873 Ebrius

232 916 273 940 se
292 903 469 941 divitem
488 906 625 952 putat,
647 907 688 940 et
708 906 756 940 tu
775 902 937 940 diviciis
958 901 1094 952 (218a)
1115 901 1305 952 supernis
1323 900 1562 952 perfruaris.
1614 900 1768 938 Ebrius

232 968 472 1018 frequenter
500 968 541 1006 in
570 968 709 1006 lutum
738 968 865 1014 cadit,
896 972 937 1006 et
967 972 1016 1006 tu
1043 967 1085 1005 in
1116 967 1450 1006 consideratione
1479 966 1695 1005 celestium
1725 970 1767 1004 te

230 1034 273 1072 in
310 1034 400 1072 luto
437 1034 594 1072 versari
630 1034 866 1083 ingemisce,
906 1033 1111 1084 quamdiu
1147 1033 1189 1071 in
1226 1034 1306 1072 hoc
1343 1045 1515 1083 corpore
1552 1031 1764 1070 detineris.

232 1100 384 1138 Ebrius
407 1099 640 1138 sustinetur
662 1113 713 1138 ne
737 1099 876 1145 cadat,
902 1103 943 1138 et
967 1104 1016 1138 tu
1039 1112 1163 1150 super
1186 1099 1388 1138 dilectum
1411 1103 1535 1137 tuum
1556 1097 1764 1136 innitaris.

231 1166 384 1203 Ebrius
428 1166 597 1203 ducitur
640 1178 691 1204 ne
736 1170 857 1210 erret,
904 1170 946 1204 et
991 1170 1040 1204 tu
1083 1165 1279 1216 spiritum
1324 1169 1520 1203 sanctum
1564 1163 1764 1213 sequaris.

232 1232 385 1269 Ebrius
416 1231 543 1269 nichil
574 1231 741 1277 retinet,
777 1236 818 1270 et
852 1236 900 1270 tu
932 1235 1026 1270 tota
1058 1231 1100 1269 in
1133 1232 1271 1270 Deum
1304 1230 1532 1282 proiicaris.
1612 1229 1765 1267 Ebrius

231 1298 415 1336 multum
457 1297 657 1347 loquitur,
704 1302 746 1336 et
790 1302 839 1336 tu
883 1297 1028 1335 divina
1072 1297 1196 1336 laude
1238 1297 1496 1335 incessanter
1539 1295 1764 1345 implearis.

231 1363 384 1401 Ebrius
415 1368 536 1401 extra
568 1376 609 1401 se
641 1368 716 1409 est,
751 1368 792 1402 et
824 1367 874 1402 tu
905 1367 999 1402 tota
1030 1363 1071 1400 in
1104 1364 1242 1401 Deum
1275 1361 1553 1414 perfundaris.
1613 1360 1766 1399 Ebrius

230 1428 381 1478 litigat,
406 1434 447 1467 et
470 1433 518 1467 tu
539 1429 772 1467 contendas
793 1433 841 1468 ut
863 1429 906 1467 in
926 1442 1072 1467 veram
1094 1429 1269 1479 gloriam
1290 1427 1548 1479 ingrediaris.
1611 1426 1766 1465 Ebrius

231 1495 358 1532 nichil
391 1494 527 1540 timet,
564 1499 605 1533 et
641 1499 689 1533 tu
723 1495 931 1533 iacturam
966 1500 1204 1545 presentem
1238 1508 1323 1533 non
1357 1493 1552 1533 verearis.
1611 1492 1766 1531 Ebrius

231 1561 486 1610 quandoque
510 1573 594 1598 non
619 1565 760 1610 potest
785 1561 913 1611 loqui,
941 1565 981 1599 et
1007 1565 1056 1599 tu
1081 1561 1256 1600 feliciter
1281 1560 1505 1600 celestibus
1528 1559 1690 1610 repleta
1715 1559 1766 1596 de

230 1626 405 1664 terrenis
433 1626 609 1676 elinguis
637 1627 840 1665 efficiaris.
899 1626 1054 1665 Ebrius
1083 1640 1124 1665 se
1154 1631 1373 1677 potentem
1403 1630 1542 1677 putat,
1574 1630 1615 1663 et
1645 1630 1694 1663 tu
1724 1629 1765 1662 te

229 1692 416 1742 reginam
444 1692 520 1730 celi
547 1704 635 1730 esse
662 1692 860 1742 glorieris
920 1692 1074 1730 Ebrius
1102 1693 1230 1731 saltat
1259 1697 1301 1731 et
1329 1691 1538 1743 tripudiat
1566 1695 1608 1729 et
1637 1695 1686 1729 tu
1715 1690 1766 1728 de

229 1758 389 1796 virtute
418 1757 460 1795 in
490 1757 696 1796 virtutem
726 1758 847 1803 salta,
879 1762 921 1796 et
951 1758 1082 1797 iubilo
1112 1758 1266 1797 mentis
1295 1758 1483 1809 tripudia
1511 1757 1554 1795 in
1583 1756 1766 1795 iocunda

230 1824 587 1874 contemplatione
626 1824 690 1862 tui
729 1824 941 1863 creatoris.
1000 1824 1155 1863 Ebrius
1191 1824 1371 1863 libenter
1410 1823 1579 1868 dormit,
1620 1826 1662 1861 et
1702 1826 1763 1867 tu,

230 1890 420 1928 sensibus
458 1889 644 1940 corporis
683 1890 924 1941 soporatis,1
962 1890 1073 1929 inter
1112 1891 1333 1941 amplexus
1371 1889 1514 1940 sponsi
1552 1888 1618 1927 tui
1656 1887 1766 1926 felici

231 1968 378 1993 somno
429 1955 734 1994 delectabiliter
786 1956 980 1995 fovearis.
1039 1957 1133 1995 Hiis
1184 1961 1329 1995 autem
1382 1955 1578 1994 omnibus
1629 1954 1766 1992 multo

230 2021 411 2072 amplius
435 2021 637 2072 sapiendo
662 2026 703 2060 et
730 2022 941 2072 gustando
966 2022 1127 2061 valebis
1151 2022 1327 2068 edoceri,
1355 2034 1484 2072 quam
1510 2020 1667 2070 scripto
1692 2032 1765 2058 seu

230 2087 359 2125 verbo
382 2088 514 2138 possit
536 2088 796 2127 innotescere
818 2088 886 2127 vel
908 2088 1039 2127 effari.

232 2215 298 2244 DE
320 2214 622 2245 VIRGINIBUS
645 2215 706 2246 ET
730 2215 972 2246 ESSENTIA
994 2215 1095 2247 DEI.
1330 2213 1620 2245 CAPITULUM
1645 2212 1760 2242 LVII.

287 2262 425 2313 (218b)
461 2264 605 2302 Beatis
635 2276 732 2313 ergo
763 2263 997 2314 virginibus
1027 2269 1070 2303 te
1100 2263 1382 2302 intentissime
1412 2263 1573 2313 iungas,
1607 2261 1763 2299 scilicet

230 2329 405 2378 gloriose
432 2329 560 2368 Marie
587 2330 665 2368 Dei
692 2330 915 2375 Genetrici‚
944 2329 1073 2368 Marie
1100 2329 1359 2380 Magdalene,
1388 2330 1566 2379 Agathe,
1595 2326 1761 2377 Agneti,

235 2395 465 2433 Katherine
518 2400 558 2434 et
613 2396 808 2434 omnibus
861 2409 942 2446 que
994 2409 1196 2447 sponsum
1249 2408 1372 2434 suum
1424 2399 1514 2434 tarn
1567 2393 1763 2431 ardenter

232 2460 467 2499 dilexerunt
504 2466 544 2499 et
581 2460 760 2512 diligunt
797 2461 911 2512 quod
947 2462 1001 2500 ab
1036 2462 1128 2512 ipso
1162 2461 1404 2500 nullatenus
1437 2460 1652 2504 recedunt,
1691 2458 1764 2497 sed

233 2539 328 2564 eum
351 2532 585 2577 sequuntur
607 2541 860 2578 quocunque
882 2528 988 2573 ierit,
1014 2531 1238 2566 cantantes
1262 2528 1284 2540 “
1305 2527 1518 2565 canticum
1540 2537 1701 2563 novum
1721 2524 1764 2547 ”2

233 2592 346 2641 quod
367 2605 489 2630 nemo
511 2593 616 2631 alter
637 2594 898 2632 cantandum
919 2593 1094 2644 accepit,
1118 2594 1205 2638 has,
1228 2593 1416 2643 inquam,
1439 2592 1618 2643 supplex
1638 2602 1766 2629 exora

233 2662 279 2695 ut
306 2658 383 2696 tibi
409 2658 494 2695 suis
519 2659 678 2697 meritis
702 2664 743 2698 et
771 2659 964 2710 precibus
989 2659 1210 2698 obtineant
1237 2659 1294 2697 sic
1320 2659 1428 2697 circa
1453 2657 1766 2696 humanitatem

233 2723 321 2761 eius
346 2724 553 2770 meditari,
582 2725 697 2774 quod
722 2738 818 2763 cum
843 2725 944 2775 ipsis
969 2725 1024 2763 ad
1050 2725 1423 2775 contemplandam
1449 2736 1569 2762 suam
1595 2724 1767 2761 beatam

233 2789 502 2827 divinitatem
542 2795 635 2828 tota
672 2791 898 2829 devotione
936 2791 1091 2829 mentis
1118 2779 1350 2829 ¹ascendere
1389 2789 1596 2835 merearis,
1637 2788 1765 2831 illam,

283 2861 292 2879 ¹
313 2862 374 2891 Ms:
405 2865 600 2901 soporatus

282 2903 294 2922 ²
311 2906 421 2946 Apoc.
448 2905 502 2937 V⁹.
