1934 3260
97 1018 146 1046 10

97 1347 146 1388 15

92 1681 142 1710 20

0 1968 142 2052 .25

87 2411 137 2450 30

603 278 676 317 ET
714 277 982 318 SUPERNA
1019 278 1361 319 MEDITANDI.
1699 290 1747 330 15

219 416 287 447 DE
320 410 478 448 VISU.1
1298 419 1587 451 CAPITULUM
1614 420 1696 450 vn.

272 475 546 515 Custodiendi
573 480 672 515 sunt
698 476 844 527 itaque
872 476 981 514 oculi
1007 489 1059 515 ne
1087 476 1170 515 sint
1199 477 1409 524 sublimes,
1439 478 1539 517 elati
1566 482 1608 517 et
1635 479 1746 529 vagi,

217 542 380 589 curiosi,
418 542 722 593 circumspecti,
761 542 990 588 furibundi,
1028 547 1243 589 nutantes,
1281 544 1511 590 instabiles,
1557 545 1746 591 risibiles,

216 608 545 660 circumquaque
575 608 867 655 discurrentes,
900 608 1081 655 fallaces,
1115 613 1278 649 atroces
1308 615 1350 649 et
1381 611 1568 650 mobiles.
1627 612 1749 650 Tales

217 674 330 714 enim
351 675 491 727 sepius
513 675 700 714 animam
723 674 1010 726 depredantur
1031 679 1075 714 et
1098 688 1171 726 per
1187 689 1258 715 eos
1270 676 1468 716 miserum
1482 690 1552 716 cor
1573 677 1751 717 infinitis

217 745 260 780 et
284 742 411 781 variis
434 741 763 793 cogitationibus
785 741 971 793 repletur
994 745 1036 780 et
1061 741 1371 793 coinquinatur,
1397 743 1509 782 unde
1538 748 1601 782 est
1631 744 1746 790 illud,

219 808 407 847 “oculus
456 821 575 847 meus
625 808 882 859 depredatus
932 812 996 847 est
1047 808 1234 847 animam
1284 810 1497 855 meam,”2
1547 814 1589 848 et
1641 810 1748 849 sicut

216 873 455 925 impudicus
485 875 630 914 oculus
658 874 862 925 impudici
891 874 1028 913 cordis
1057 879 1120 914 est
1144 875 1323 914 nuncius
1335 876 1362 922 3,
1385 876 1442 914 sic
1465 876 1590 914 vacui
1614 876 1750 915 cordis

216 946 278 979 est
324 953 470 991 vagus,
517 941 739 987 instabilis,
787 941 956 980 mobilis
1001 945 1044 980 et
1090 942 1238 988 elatus,
1287 947 1459 993 propter
1505 943 1620 993 quod
1665 943 1750 982 sint

215 1006 434 1058 simplices,
462 1007 652 1054 humiles,
680 1007 750 1058 pii,
776 1008 922 1054 severi,
949 1008 1254 1059 circumspecti,
1281 1009 1451 1055 maturi,
1478 1008 1747 1060 disciplinati,

215 1078 256 1112 et
286 1073 328 1111 in
358 1078 471 1112 terra
499 1087 663 1125 semper
692 1073 831 1113 defixi.
889 1074 1114 1113 Neminem
1143 1087 1240 1125 ergo
1269 1075 1312 1113 in
1342 1075 1505 1121 faciem,
1537 1076 1605 1114 vel
1635 1075 1747 1121 alibi,

214 1139 302 1178 sive
326 1140 441 1179 aliud
464 1140 568 1191 quid
590 1141 768 1187 carnale,
794 1140 907 1179 unde
931 1153 1001 1179 cor
1024 1141 1156 1192 possit
1180 1141 1443 1192 coinquinari
1466 1141 1604 1180 defixo
1629 1142 1750 1180 oculo

213 1205 428 1253 intuearis,
459 1207 559 1258 quia
585 1220 670 1246 non
697 1207 794 1246 licet
821 1207 977 1246 intueri
1004 1207 1119 1258 quod
1146 1220 1230 1246 non
1257 1208 1354 1247 licet
1381 1208 1632 1259 concupisci.
1692 1209 1749 1247 Et

215 1272 304 1318 Iob,
333 1274 355 1286 “
376 1273 516 1324 pepigi
538 1274 660 1313 fedus
682 1287 780 1313 cum
803 1274 933 1313 oculis
955 1274 1059 1313 meis
1082 1287 1134 1313 ne
1158 1274 1388 1325 cogitarem
1414 1274 1549 1325 (151a)
1576 1274 1749 1325 quidem

214 1339 265 1377 de
292 1340 525 1390 Virgine.'’4
555 1341 620 1380 Sic
646 1353 723 1379 nec
749 1345 799 1379 tu
825 1340 877 1379 de
903 1340 994 1379 viro
1022 1354 1103 1392 que
1130 1353 1285 1392 sponsa
1312 1341 1466 1380 Christi
1492 1340 1619 1380 debes
1646 1353 1746 1380 esse.

215 1406 271 1444 Et
299 1407 322 1419 “
342 1406 376 1445 si
401 1407 546 1445 oculus
571 1411 672 1446 tuus
696 1407 875 1458 simplex
900 1407 1039 1453 fuerit,
1067 1411 1210 1446 totum
1235 1419 1387 1458 corpus
1411 1411 1536 1445 tuum
1561 1406 1749 1446 lucidum

214 1471 365 1518 erit,’'⁵
408 1472 452 1511 id
495 1477 558 1512 est
602 1473 787 1512 tenebris
830 1477 874 1512 et
918 1473 1311 1525 perturbationibus
1354 1473 1662 1523 cogitationum
1706 1477 1748 1512 et

213 1538 491 1589 plurimarum
524 1540 828 1579 temtationum
861 1540 1034 1579 carebit.
1091 1540 1208 1579 Nulli
1241 1540 1371 1579 etiam
1402 1540 1639 1579 ridentibus
1673 1544 1748 1578 aut

213 1606 467 1645 nutantibus
524 1606 655 1646 oculis
711 1607 909 1658 loquaris,
969 1612 1012 1647 et
1069 1606 1282 1646 neminem
1339 1606 1473 1645 torvis
1530 1605 1745 1645 intuearis.

214 1672 406 1712 Picturas
448 1686 629 1724 quoque,
675 1673 863 1712 diversos
905 1674 1074 1719 colores,
1120 1673 1253 1719 flores,
1298 1673 1482 1712 virentia
1523 1677 1565 1712 et
1609 1676 1748 1712 cetera

212 1739 453 1777 huiusmodi
479 1739 668 1779 labentia
694 1753 779 1778 non
807 1739 967 1779 curiose
995 1739 1218 1790 aspexeris,
1249 1752 1322 1790 per
1350 1752 1431 1790 que
1459 1752 1485 1778 a
1512 1738 1746 1778 considera-

211 1805 326 1844 tione
356 1806 652 1856 pulcritudinis
681 1811 823 1845 eterne
854 1807 1110 1858 quandoque
1141 1806 1412 1852 abstraharis,
1446 1805 1648 1856 quoniam
1677 1805 1749 1843 illa

210 1871 281 1910 isti
315 1878 564 1923 comparata
598 1873 754 1912 nullius
788 1873 943 1912 valoris
978 1878 1078 1912 sunt
1113 1877 1188 1911 aut
1224 1872 1411 1912 decoris:
1450 1871 1640 1911 similiter
1675 1870 1749 1922 qui

210 1951 308 1977 cum
338 1939 564 1990 publicano
596 1939 647 1978 de
678 1939 863 1991 peccatis
894 1939 979 1978 suis
1009 1952 1173 1990 semper
1204 1952 1246 1978 se
1276 1952 1395 1978 reum
1426 1951 1514 1977 esse
1545 1937 1744 1984 attendit,

211 2005 353 2044 oculos
378 2005 433 2044 ad
458 2007 595 2045 celum
619 2006 760 2045 levare
784 2019 869 2045 non
895 2006 1037 2052 audet,
1052 2006 1068 2030 ⁶
1093 2006 1167 2044 sed
1192 2019 1234 2045 se
1260 2005 1523 2044 humiliando
1548 2004 1747 2043 continue

209 2071 252 2109 in
286 2076 443 2110 terram
476 2072 634 2123 defigit.
692 2073 803 2112 Vera
835 2072 948 2112 enirn
980 2072 1136 2111 indicia
1168 2072 1339 2111 humilis
1372 2071 1508 2110 cordis
1541 2075 1747 2110 notantur

210 2138 387 2189 simplici
416 2139 537 2178 oculo
565 2144 723 2178 terram
751 2139 917 2179 assidue
945 2138 1233 2190 conspicienti.

207 2278 275 2309 DE
309 2279 514 2311 AUDITU.
1275 2278 1563 2310 CAPITULUM
1588 2277 1694 2307 UH.

262 2337 544 2377 Custodiende
586 2338 717 2378 etiam
758 2343 858 2378 sunt
900 2352 1021 2378 aures
1062 2351 1114 2377 ne
1156 2338 1241 2377 sint
1282 2342 1485 2389 porrecte,
1530 2349 1741 2387 suspense,

207 2409 403 2455 patentes
424 2409 466 2444 et
488 2405 543 2444 ad
564 2418 733 2444 omnem
754 2419 990 2445 sermonem
1011 2418 1053 2444 se
1074 2405 1253 2444 libenter
1273 2404 1537 2443 inclinantes.
1596 2403 1745 2453 Neque

207 2475 372 2510 attente
420 2471 598 2511 audiant
645 2472 824 2519 fabulas,
873 2473 1101 2518 novitates,
1151 2471 1438 2516 scurrilitates,
1489 2469 1742 2514 ociositates,

206 2538 487 2588 garrulitates,
526 2539 805 2589 nugacitates,
844 2538 1140 2584 detractiones,
1179 2537 1536 2576 murmurationes
1572 2540 1616 2575 et
1653 2547 1743 2586 per-

205 2616 348 2642 versas
393 2604 704 2652 collocutiones,
753 2605 955 2656 quoniam
1000 2604 1232 2644 voluntarii
1277 2604 1492 2643 auditores
1538 2602 1593 2640 ad
1637 2600 1743 2640 talia

205 2669 385 2709 dicenda
405 2676 640 2722 provocant
662 2671 952 2723 obloquentes,
977 2671 1089 2711 unde
1111 2671 1263 2710 beatus
1285 2669 1532 2715 Ieronimus,
1558 2669 1581 2682 “
1601 2667 1636 2707 si
1657 2680 1742 2706 non

255 2743 264 2760 ¹
281 2743 368 2775 This
387 2745 542 2785 chapter
559 2745 589 2776 is
609 2746 846 2786 erroneously
864 2746 1022 2777 omitted
1044 2746 1139 2776 from
1159 2746 1222 2775 the
1244 2744 1339 2775 Irish
1357 2754 1362 2779 ;
1385 2744 1448 2774 the
1468 2743 1550 2773 title
1571 2742 1626 2773 De
1651 2739 1743 2772 visu

204 2788 233 2819 is
253 2788 517 2864 girIxsleur-iegn't3111‘cui⁴c5
521 2789 559 2850 lis
580 2790 750 2821 followed
771 2790 821 2830 by
840 2791 903 2820 the
924 2790 1095 2821 material
1115 2798 1249 2830 proper
1267 2792 1307 2820 to
1327 2786 1343 2828 ἓ
1364 2795 1446 2818 VIII.

253 2875 266 2894 ³
284 2878 373 2916 Aug.
396 2857 513 2917 filpist.
534 2858 633 2909 c1ass
654 2885 709 2914 111,
731 2877 867 2915 CCX1¹⁰‚
890 2879 1021 2919 Migne,
1044 2878 1129 2909 P.L.
1153 2875 1351 2908 XXX111⁹⁶1.

251 2919 265 2938 4
282 2920 365 2960 Job‚
389 2928 495 2951 XXXI
514 2920 539 2953 ¹.

252 2963 266 2982 ⁵
281 2965 390 2998 Matt.
408 2964 492 2997 V122.
919 2965 932 2985 ⁶
949 2967 1034 2999 Luc.
1059 2974 1160 2996 XV111
1182 2964 1223 2997 1³.
