1934 3260
129 646 152 685 01

104 977 150 1005 10

101 1737 150 1766 20

102 2066 152 2106 25

102 2397 151 2435 30

227 251 275 278 12
603 237 945 276 INSTRUCTIO
989 238 1083 276 PIE
1124 238 1367 277 VIVENDI

220 382 439 421 nunquam
472 369 523 407 de
555 368 670 406 duris
700 368 926 414 laboribus
959 368 1047 407 sive
1079 369 1130 407 de
1161 369 1285 420 longo
1316 374 1518 419 tempore,
1551 368 1747 419 quamvis

220 437 366 475 multis
389 435 535 473 diebus
558 434 723 479 vixeris,
749 446 818 472 cor
841 439 965 473 tuum
987 435 1321 481 contristabitur,
1347 435 1447 486 quia
1469 433 1608 472 nullus
1629 434 1748 472 labor

221 502 361 545 durus,
391 501 553 539 nullum
579 505 749 550 tempus
774 500 946 550 longum
972 505 1014 539 et
1040 501 1143 539 nulli
1170 501 1269 547 dies,
1298 500 1494 552 quamvis
1518 499 1748 550 longissimi

221 568 344 606 multi
374 567 529 605 debent
558 566 703 612 videri,
737 566 890 616 quibus
918 566 1049 617 gloria
1077 572 1218 606 eterne
1248 566 1462 606 felicitatis
1490 566 1746 616 acquiratur.

222 634 337 672 Felix
378 645 421 671 es
462 632 495 670 si
535 645 587 670 ex
628 632 707 670 hiis
748 636 931 683 quatuor
971 632 1050 671 tibi
1091 645 1256 672 crucem
1297 645 1537 684 componas,
1579 631 1622 670 in
1663 644 1749 683 qua

220 698 491 737 immobiliter
512 699 639 736 affixa
659 698 825 737 intento
846 698 966 737 oculo
987 698 1123 737 cordis
1144 712 1306 750 semper
1325 699 1408 738 ista
1429 697 1675 743 consideres,
1698 701 1747 737 ut

221 778 293 816 per
316 778 366 804 ea
387 769 430 803 te
454 764 509 803 ab
531 764 728 802 omnibus
750 764 868 803 viciis
889 764 1098 804 illibatam
1121 765 1346 812 custodias,
1372 763 1568 816 ponendo
1590 763 1747 803 scilicet

219 831 392 870 inferius
406 830 622 876 orientem,
638 830 681 868 id
696 834 759 869 est
773 830 1047 870 nativitatem
1061 835 1183 870 tuam
1196 835 1239 870 te
1253 831 1458 870 veraciter
1472 829 1747 876 humiliando,

221 910 246 936 a
274 897 434 936 dextris
462 896 735 941 occidentem,
765 896 809 935 id
836 901 899 936 est
928 902 1051 936 tuum
1080 898 1206 936 finem
1234 902 1388 936 cuncta
1415 895 1694 947 despiciendo,
1725 908 1751 934 a

220 963 399 1002 sinistris
428 963 681 1014 aquilonem,
714 962 758 1001 id
789 967 851 1001 est
883 976 1013 1014 penas
1042 963 1194 1002 inferni
1224 976 1295 1002 eas
1325 963 1412 1002 sine
1442 961 1750 1001 intermissione

220 1029 565 1081 pertimescendo,
603 1033 644 1067 et
681 1028 871 1079 superius
905 1029 1134 1076 meridiem,
1171 1029 1215 1068 id
1250 1034 1313 1069 est
1349 1029 1525 1079 gloriam
1560 1032 1751 1067 eternam

221 1108 317 1134 eam
360 1100 454 1135 toto
498 1094 634 1133 cordis
677 1096 835 1134 affectu
878 1095 1167 1135 desiderando.
1228 1095 1366 1147 (148b)
1415 1095 1465 1134 In
1507 1095 1588 1133 hac
1631 1106 1752 1133 cruce

221 1175 364 1201 secure
389 1161 613 1212 requiesce,
640 1160 738 1200 huic
763 1160 938 1200 firmiter
962 1165 1005 1200 te
1030 1162 1202 1212 confige,
1229 1162 1330 1213 quia
1354 1173 1606 1213 quacunque
1631 1164 1752 1211 parte

220 1241 342 1267 versa
370 1227 508 1273 fueris,
541 1239 704 1278 semper
734 1227 960 1278 prospicies
990 1227 1102 1266 unde
1132 1227 1283 1267 merito
1312 1227 1527 1273 edificeris,
1578 1231 1752 1278 propter

220 1295 335 1346 quod
372 1293 538 1333 ardenti
575 1294 716 1332 animo
754 1293 889 1332 dicere
927 1294 1084 1345 poteris
1120 1293 1316 1340 Domino,
1359 1294 1563 1344 “confige
1600 1292 1752 1331 timore

220 1366 296 1400 tuo
326 1373 471 1399 carnes
500 1372 641 1398 meas:
676 1373 700 1398 a
729 1359 893 1398 iudiciis
923 1360 1035 1399 enim
1066 1360 1151 1399 tuis
1180 1360 1378 1399 timui.''1
1407 1360 1449 1399 Si
1480 1359 1537 1398 sic
1567 1358 1752 1397 vivendo

220 1427 362 1466 oculos
394 1426 529 1465 cordis
561 1425 783 1477 aperueris,
817 1438 902 1464 non
934 1426 1199 1465 solummodo
1231 1427 1394 1465 dicetur
1424 1426 1516 1471 tibi,
1540 1426 1563 1439 “
1582 1424 1752 1471 vide,”²

221 1493 293 1532 sed
318 1493 459 1538 etiam,
491 1492 686 1530 “inclina
711 1505 855 1530 aurem
880 1496 1001 1531 tuam
1021 1493 1043 1505 ''
1058 1493 1073 1516 2
1098 1492 1254 1532 scilicet
1281 1491 1531 1531 obedientie.

219 1643 287 1674 DE
320 1641 539 1674 TRIPLICI
574 1641 898 1673 OBEDIENTIA.
1324 1641 1613 1673 CAPITULUM
1636 1640 1700 1672 VI.

275 1723 437 1762 Inclina
458 1735 554 1773 ergo
576 1735 720 1761 aurern
741 1727 874 1768 tuam,
889 1723 904 1746 2
925 1723 1081 1762 scilicet
1103 1723 1158 1761 ad
1178 1735 1323 1762 veram
1344 1721 1642 1768 obedientiam,
1665 1733 1750 1759 non

221 1790 275 1828 ad
293 1790 443 1828 falcem
461 1789 752 1840 decipientem,
772 1788 816 1827 id
833 1793 896 1827 est
915 1801 999 1827 non
1017 1789 1072 1828 ad
1090 1790 1259 1828 oculum
1276 1788 1523 1835 obediendo,
1542 1792 1751 1839 tanquam

220 1856 461 1894 hominibus
504 1856 720 1906 placendO,
767 1868 902 1905 neque
945 1855 1055 1894 inter
1097 1855 1201 1894 illud
1244 1855 1311 1894 vel
1355 1855 1459 1893 illud
1502 1858 1749 1905 preceptum

221 1922 506 1967 discernendO,
565 1926 639 1960 aut
697 1920 811 1971 quid,
871 1934 1012 1971 quare,
1072 1926 1146 1960 aut
1209 1921 1423 1972 quomodo
1485 1920 1743 1972 precipiatur

220 1987 497 2034 discutiendo,
526 1987 613 2026 sive
641 1987 941 2038 precipientem
968 1987 1244 2037 dedignanter
1270 1986 1635 2038 contempnendo:
1664 1998 1749 2024 non

219 2054 350 2093 etiam
367 2053 521 2105 tepide,
541 2066 626 2091 non
643 2052 775 2099 tarde,
794 2065 879 2091 non
900 2053 1027 2104 pigre,
1050 2066 1135 2092 non
1155 2053 1301 2099 invite,
1324 2066 1409 2092 non
1430 2051 1746 2098 murmurando,

220 2120 307 2159 sive
330 2119 670 2165 contradicendo,
695 2119 763 2158 vel
786 2118 1062 2169 dedignanter
1084 2119 1128 2158 id
1151 2120 1266 2170 quod
1289 2119 1518 2171 precipitur
1540 2117 1746 2164 faciendo,

220 2186 321 2238 quia
353 2198 429 2237 pro
461 2185 537 2225 tali
569 2185 810 2224 obedientia
841 2185 958 2224 nulla
989 2186 1179 2237 sequitur
1211 2198 1369 2224 merces
1401 2189 1476 2224 aut
1509 2183 1745 2230 retributio,

220 2252 294 2292 sed
317 2264 426 2303 pena
448 2256 605 2298 eterna,
632 2251 666 2290 si
688 2264 773 2290 non
797 2255 999 2302 sequatur
1022 2252 1231 2303 condigna
1254 2251 1501 2291 satisfactio.
1558 2251 1624 2290 Tu
1647 2262 1747 2289 vero

220 2318 276 2357 ad
307 2318 449 2357 omnia
478 2331 560 2369 que
590 2317 670 2357 tibi
698 2317 961 2369 imperantur
991 2331 1154 2369 semper
1184 2322 1275 2358 esto
1306 2322 1468 2369 parata,
1502 2321 1544 2356 et
1576 2315 1748 2368 prelatis

219 2384 306 2424 tuis
339 2388 547 2435 tanquam
580 2383 671 2422 Deo
705 2384 919 2423 humiliter
953 2388 994 2423 et
1030 2384 1220 2435 benigne,
1257 2384 1434 2423 dulciter
1468 2387 1510 2422 et
1545 2382 1744 2428 studiose,

220 2450 408 2489 hilariter
434 2455 476 2489 et
503 2450 753 2496 voluntarie,
784 2449 1033 2489 festinanter
1059 2455 1102 2490 et
1129 2454 1306 2496 attente,
1339 2450 1474 2501 (149a)
1507 2451 1747 2488 reverenter

220 2521 263 2556 et
296 2516 449 2555 devote
482 2516 650 2555 obedire
682 2529 872 2567 procura.
931 2517 1026 2567 Ipse
1059 2516 1170 2555 enim
1203 2516 1318 2562 dicit,
1354 2517 1378 2530 “
1397 2515 1471 2567 qui
1502 2528 1579 2553 vos
1611 2513 1744 2560 audit,

221 2595 288 2621 me
312 2582 444 2628 audit,
471 2587 513 2621 et
539 2582 612 2633 qui
635 2595 712 2621 vos
736 2582 908 2633 spernit,
934 2595 1001 2621 me
1025 2583 1185 2633 spernit
1204 2583 1257 2606 ”³
1280 2586 1323 2621 et
1349 2581 1435 2621 “in
1460 2580 1611 2620 auditu
1635 2579 1747 2619 auris

219 2648 409 2687 obedivit
437 2647 636 2694 michi,”4
662 2648 707 2686 id
733 2652 796 2687 est
825 2661 955 2700 quam
982 2648 1066 2688 cito
1094 2648 1260 2687 audivit
1286 2652 1378 2687 tam
1405 2647 1490 2686 cito
1517 2651 1559 2686 et
1588 2646 1748 2697 absque

269 2796 283 2815 ¹
299 2797 355 2828 Ps.
379 2803 504 2826 cxvm
527 2795 585 2828 ²²⁰.

268 2839 282 2858 ²
299 2841 355 2872 Ps.
383 2847 477 2870 xmv
500 2839 538 2872 ¹1.

270 2884 284 2903 ³
299 2884 385 2916 Luc.
413 2892 440 2914 X
463 2882 501 2914 ¹⁶.

265 2927 283 2946 ⁴
298 2929 354 2960 Ps.
381 2935 466 2958 xvn
489 2926 528 2959 ⁴⁵.
