2001 3250
79 957 126 984 10

81 1615 132 1643 20

87 2273 136 2310 30

88 2601 136 2640 35

192 224 244 276 96
585 223 926 264 INSTRUCTIO
952 223 1047 261 PIE
1069 221 1311 261 VIVENDI

193 351 260 382 DE
283 351 568 381 BENEFICIIS
588 350 793 382 DIVINIS.
1273 346 1564 380 CAPITULUM
1585 345 1721 379 LVIII.

248 422 351 460 Cum
393 428 537 460 autem
578 421 674 459 huic
714 425 806 459 tam
847 418 1086 458 delectabili
1125 423 1168 458 et
1209 418 1333 457 beate
1374 415 1725 466 contemplationi

193 487 370 525 dulciter
398 500 441 525 es
469 487 647 531 intenta,
678 487 907 524 affectuose
935 484 1165 535 recogitare
1193 484 1321 523 debes
1349 482 1552 522 beneficia
1579 481 1726 520 divina

193 553 338 590 multis
373 552 509 590 modis
543 550 908 591 abundantissime
944 555 986 589 et
1023 550 1178 601 pluries
1212 550 1292 589 tibi
1327 549 1494 587 collata.
1555 547 1723 586 Primo:

193 618 348 657 scilicet
397 618 528 668 ipsius
576 617 902 656 inestimabilem
951 616 1189 655 bonitatem
1238 615 1393 654 nullius
1441 617 1635 664 egentem
1683 616 1726 650 et

194 690 337 723 tamen
360 683 502 722 omnia
523 683 705 721 visibilia
726 687 767 721 et
789 682 1018 720 invisibilia
1038 686 1264 720 creantem.
1322 681 1419 719 Non
1441 679 1553 719 enim
1575 691 1624 717 ea
1645 690 1727 729 que

195 754 293 788 sunt
322 749 481 788 creavit
509 754 557 788 ut
586 749 644 788 eis
671 749 889 798 indigeret,
920 748 993 787 sed
1021 752 1069 786 ut
1097 746 1370 786 rationabiles
1398 749 1624 790 creaturas,
1655 756 1728 795 per

195 828 315 854 suam
356 815 613 854 ineffabilem
654 815 905 860 bonitatem,
949 813 1073 852 beate
1115 813 1288 851 visionis
1330 812 1460 863 ipsius
1502 810 1730 862 participes

196 882 375 920 efficeret
393 886 435 920 et
451 894 639 932 capaces.
700 882 749 919 In
766 881 845 918 hoc
861 892 958 929 ergo
974 879 1197 918 manifeste
1214 882 1391 929 apparet
1409 877 1524 928 quod
1539 881 1731 914 nostram

197 948 440 993 utilitatem,
471 960 555 985 non
585 960 709 985 suum
737 946 1009 985 commodum
1037 958 1114 983 nos
1142 944 1323 983 creando
1352 942 1549 994 quesivit,
1580 954 1629 980 ac
1658 953 1731 992 per

199 1014 276 1051 hoc
317 1026 358 1051 se
399 1026 612 1051 summum
652 1013 812 1051 bonum
852 1025 940 1051 esse
980 1010 1304 1050 demonstravit.
1364 1009 1406 1049 Si
1446 1008 1558 1047 enim
1598 1006 1733 1045 nostri

197 1079 456 1129 indiguisset,
485 1092 562 1117 nos
587 1079 768 1117 creando
794 1082 963 1116 tantam
990 1077 1229 1116 bonitatem
1254 1088 1384 1127 quam
1410 1087 1522 1112 nunc
1539 1071 1732 1112 exhibuit

198 1158 280 1183 non
307 1145 651 1183 demonstrasset.
725 1144 947 1195 Quomodo
973 1147 1100 1194 putas
1124 1143 1200 1181 hec
1224 1141 1394 1180 bonitas
1418 1140 1461 1178 in
1486 1153 1529 1178 se
1553 1139 1645 1190 ipsa
1669 1141 1733 1177 est

198 1210 641 1261 incomprehensibilis,
678 1223 759 1261 que
792 1214 883 1249 tam
915 1208 1140 1248 ineffabilis
1172 1212 1236 1247 est
1269 1208 1312 1246 in
1345 1205 1583 1245 creaturis?
1644 1204 1734 1255 Que

199 1290 296 1326 ergo
320 1276 429 1315 inter
453 1281 544 1315 tam
568 1276 716 1326 dignas
740 1280 955 1315 creaturas
978 1274 1154 1325 gloriam
1178 1278 1368 1313 eternam
1392 1277 1435 1311 et
1459 1272 1631 1310 beatam
1656 1269 1736 1308 Dei

199 1342 403 1381 visionem
432 1348 715 1393 percepturas,
746 1347 788 1380 te
817 1346 1004 1380 creatam
1033 1340 1235 1391 agnoscis,
1266 1351 1486 1389 nunquam
1515 1337 1735 1375 immemor

201 1409 276 1446 fias
299 1413 420 1447 tante
443 1408 661 1453 bonitatis,
688 1408 760 1446 sed
784 1407 839 1445 ad
862 1407 1095 1457 gratiarum
1119 1406 1306 1444 actiones
1329 1403 1570 1443 referendas
1593 1402 1644 1440 de
1669 1401 1736 1440 die

201 1474 242 1512 in
270 1474 381 1512 diem
406 1474 631 1513 renoveris.
691 1473 909 1513 Secundo:
939 1473 973 1511 si
999 1476 1124 1511 tanta
1149 1472 1320 1510 bonitas
1345 1475 1408 1509 est
1435 1470 1477 1508 in
1504 1469 1569 1508 tui
1597 1467 1734 1519 (220a)

201 1540 425 1585 creatione,
467 1544 629 1590 quanto
669 1544 796 1590 putas
835 1552 923 1577 esse
963 1538 1196 1577 dinoscitur
1235 1537 1278 1575 in
1316 1534 1609 1575 recreatione?
1672 1532 1738 1571 Ibi

202 1605 313 1645 enim
342 1610 515 1644 tantum
546 1605 653 1644 dixit
685 1610 727 1644 et
758 1605 873 1643 facta
903 1617 958 1650 es,
990 1604 1057 1643 hic
1089 1608 1233 1642 autem
1263 1602 1376 1649 fecit,
1408 1601 1516 1640 mira
1544 1598 1739 1638 inaudita

203 1672 418 1717 sustinuit,
445 1671 619 1721 indigna
643 1671 809 1709 audivit
834 1675 881 1709 ut
907 1674 1126 1708 recrearet.
1197 1669 1312 1719 Quas
1337 1673 1481 1706 autem
1506 1665 1739 1716 gratiarum

203 1737 390 1776 actiones
422 1737 573 1776 referre
607 1737 644 1775 ei
676 1737 849 1781 valebis,
885 1736 958 1787 qui
990 1740 1057 1774 tot
1090 1739 1306 1774 tormenta
1337 1739 1380 1773 et
1414 1731 1632 1783 angustias
1664 1742 1741 1781 pro

204 1804 339 1842 salute
361 1808 436 1842 tua
458 1803 657 1853 dignatus
678 1808 741 1841 est
764 1802 854 1853 pati
874 1802 888 1840 ?
948 1801 1094 1840 Tercio
1114 1814 1121 1840 :
1146 1805 1309 1852 quanto
1330 1799 1501 1838 bonitas
1523 1798 1603 1836 fuit
1626 1795 1742 1847 quod

204 1874 246 1908 te
272 1869 382 1907 inter
409 1869 667 1908 Christianos
693 1873 735 1907 et
762 1868 946 1907 maxime
973 1867 1024 1906 de
1052 1867 1299 1906 Christianis
1325 1866 1465 1916 ipsum
1490 1862 1743 1903 timentibus

206 1935 320 1973 nasci
355 1935 524 1973 voluit?
587 1935 629 1974 Si
663 1935 775 1973 enim
810 1934 920 1972 inter
956 1946 1143 1984 paganos
1178 1937 1253 1971 aut
1290 1932 1444 1970 Iudeos
1478 1935 1582 1968 nata
1616 1940 1738 1973 esseS,

206 2001 382 2039 forsitan
409 2001 553 2039 similis
579 2001 636 2039 eis
662 2013 734 2051 per
760 2000 902 2038 omnia
927 1999 1102 2038 fuisses:
1130 2003 1180 2037 ut
1204 2011 1301 2048 ergo
1326 1997 1469 2036 videre
1500 2000 1632 2047 potes,
1661 1994 1739 2032 hec

205 2080 288 2105 non
305 2071 367 2105 est
385 2067 505 2117 parvi
520 2066 755 2117 pendenda,
773 2066 846 2104 sed
862 2078 958 2104 cum
973 2077 1128 2115 magna
1142 2064 1413 2103 veneratione
1429 2059 1738 2112 amplectenda.

206 2133 367 2183 Quarto
388 2145 395 2171 2
425 2132 525 2183 quia
550 2145 705 2182 magna
731 2132 900 2170 bonitas
926 2131 1014 2170 eius
1041 2131 1134 2177 fuit,
1164 2130 1279 2181 quod
1305 2134 1347 2168 te
1373 2129 1416 2167 in
1444 2126 1628 2179 peccatis
1654 2125 1739 2164 tuis

206 2203 296 2237 tam
331 2198 541 2248 patienter
575 2198 789 2244 sustinuit,
826 2202 868 2236 et
903 2197 958 2235 ad
993 2196 1272 2248 penitentiam
1306 2200 1397 2234 tam
1441 2191 1738 2243 longanimiter

206 2264 462 2314 expectavit.
522 2264 707 2315 Quinto:
750 2263 851 2315 quia
890 2276 915 2301 a
954 2263 1100 2301 multis
1139 2261 1323 2313 peccatis
1362 2265 1405 2299 te
1444 2258 1653 2302 liberavit,
1694 2256 1737 2294 in

207 2330 361 2380 quibus
380 2330 499 2380 lapsa
520 2330 679 2375 fuisses,
702 2329 782 2368 nisi
802 2342 875 2380 per
895 2329 1133 2367 bonitatem
1154 2333 1196 2367 te
1217 2330 1519 2366 conservasset.
1580 2325 1708 2363 Sexto
1727 2333 1736 2361 t

208 2396 307 2446 quia
335 2400 508 2446 peccata
535 2400 577 2434 te
605 2396 719 2434 odire
746 2396 858 2441 fecit,
888 2402 930 2433 et
959 2408 1030 2446 per
1058 2407 1178 2432 suam
1206 2393 1442 2431 bonitatem
1470 2391 1525 2429 ad
1552 2400 1739 2428 amorem

208 2474 329 2499 suum
364 2462 557 2500 attraxit.
616 2461 832 2512 Septimo:
869 2461 969 2511 quia
1003 2461 1058 2498 ad
1091 2460 1233 2497 omnia
1266 2464 1432 2497 terrena
1464 2454 1740 2506 relinquenda

208 2532 249 2566 te
266 2527 500 2577 inspiravit,
520 2532 561 2566 et
579 2528 634 2565 ad
650 2527 779 2566 talem
797 2527 986 2565 ordinem
1002 2530 1045 2565 te
1062 2525 1242 2564 adduxit
1260 2537 1332 2576 per
1348 2536 1469 2562 suam
1485 2522 1737 2560 bonitatem.

208 2593 373 2632 Octavo
394 2606 399 2631 :
424 2593 524 2643 quia
544 2606 617 2643 per
637 2606 757 2631 suam
779 2593 1016 2631 bonitatem
1037 2592 1079 2630 in
1101 2591 1245 2630 ordine
1266 2595 1308 2629 te
1330 2590 1459 2628 talem
1480 2601 1567 2626 esse
1588 2585 1737 2632 voluit,

210 2663 255 2697 ut
280 2659 404 2697 rebus
427 2659 731 2709 temporalibus
753 2672 838 2697 non
861 2658 1045 2697 multum
1069 2657 1310 2696 onerareris.
1368 2655 1492 2693 Nono
1512 2666 1519 2692 ι
1546 2653 1646 2704 quia
1669 2663 1741 2702 per

210 2737 329 2762 suam
364 2725 600 2763 bonitatem
634 2725 887 2763 sufficientes
919 2724 1077 2773 gratias
1110 2723 1189 2762 tibi
1223 2722 1352 2767 dedit,
1389 2733 1461 2771 per
1495 2732 1600 2770 quas
1634 2718 1744 2756 circa

210 2790 348 2841 ipsum
381 2790 519 2840 (22ob)
553 2790 723 2840 pacifice
754 2790 886 2841 possis
915 2789 1085 2828 versari.
1154 2788 1356 2827 Decimo:
1389 2786 1489 2837 quia
1520 2798 1591 2836 per
1621 2795 1741 2822 suam

212 2856 448 2895 bonitatem
473 2856 741 2895 infirmitates
766 2861 807 2895 et
835 2855 917 2894 alia
941 2855 1210 2893 incommoda
1234 2853 1313 2893 tibi
1338 2851 1532 2896 contulit,
1560 2862 1632 2901 per
1659 2861 1740 2899 que
