2001 3250
98 984 142 1013 [0

86 1643 137 1671 20

77 2323 127 2360 30

79 2651 126 2689 35

211 264 285 293 100
606 253 944 292 INSTRUCTIO
971 253 1064 290 Pili
1089 252 1333 291 VIVENDI

211 383 365 434 perfrui
404 389 545 422 eterne
583 384 789 422 claritatis
826 383 985 433 gloria!
1047 383 1232 433 Ideoque
1272 397 1415 434 precor
1453 389 1500 422 ut
1538 396 1744 422 memores

211 450 292 488 mei
315 449 571 488 intercedere
596 449 824 499 dignemini
849 462 924 500 pro
948 462 1014 487 me
1039 449 1093 487 ad
1117 449 1348 488 Dominum
1373 451 1511 488 Deum
1536 454 1742 496 nostrum,

211 515 284 566 qui
325 528 401 552 vos
441 515 564 564 elegit
606 520 648 553 et
690 515 731 553 in
774 519 898 553 tanta
939 514 1153 561 felicitate,
1196 515 1471 561 iocunditate,
1516 515 1743 562 suavitate,

212 581 555 631 transquillitate,
590 581 828 626 securitate,
856 580 1010 630 requie,
1045 581 1277 620 amenitate
1309 587 1351 620 et
1386 581 1566 632 denique
1594 581 1636 619 in
1671 594 1747 620 sua

214 647 338 685 beata
371 651 413 685 et
445 646 648 684 ineffabili
679 647 839 684 visione
872 651 961 685 tam
993 647 1168 696 gloriose
1201 652 1242 686 et
1277 647 1451 686 feliciter
1483 647 1744 686 sublimavit.

214 713 359 763 Ipsum
392 725 559 763 quoque
592 712 897 750 instantissime
930 712 1159 762 dignemini
1190 726 1373 759 exorare,
1409 718 1456 752 ut
1490 726 1556 752 me
1588 713 1630 751 in
1665 714 1745 751 fine

213 778 336 816 huius
363 778 450 816 vite
478 777 725 816 miserabilis
754 778 872 828 plene
901 778 1066 824 doloris,
1099 779 1237 829 (223b)
1268 779 1461 828 angustie
1488 784 1529 818 et
1558 779 1742 825 meroris,

212 844 431 882 vobiscum
452 843 494 881 in
515 843 585 881 illa
607 843 715 882 felici
736 843 877 894 requie
898 843 1094 893 dignetur
1114 844 1328 890 collocare,
1352 850 1399 884 ut
1421 858 1506 883 una
1526 845 1745 883 vobiscum

211 922 307 948 eum
331 910 418 948 sine
443 910 524 948 fine
547 909 713 948 valeam
736 909 921 955 laudare,
948 909 1191 948 benedicere
1215 916 1256 949 et
1280 911 1522 961 glorificare.
1593 912 1600 924 ‘
1622 910 1746 949 Beati

211 976 322 1014 enim
356 975 428 1026 qui
461 975 659 1014 habitant
692 975 734 1013 in
768 976 894 1013 domo
926 979 1003 1014 tua
1035 976 1228 1022 Domine,
1263 977 1305 1014 in
1339 977 1478 1016 secula
1510 976 1746 1015 seculorum

210 1041 448 1080 laudabunt
484 1042 574 1080 te.'¹
631 1042 666 1080 O
704 1054 833 1092 quam
869 1040 1003 1079 dulcis
1037 1046 1080 1080 et
1116 1042 1375 1081 delectabilis
1411 1047 1473 1081 est
1509 1042 1580 1080 illa
1614 1042 1746 1092 gloria

210 1107 251 1145 in
293 1107 411 1146 cuius
451 1107 767 1158 comparatione
808 1112 962 1146 cuncta
1002 1107 1127 1146 huius
1167 1108 1255 1147 vite
1296 1108 1604 1157 excogitabilia,
1648 1121 1744 1147 con-

210 1173 481 1224 cupiscibilia,
513 1173 817 1219 desiderabilia,
848 1173 1060 1220 amabilia,
1090 1174 1357 1213 delectabilia
1384 1180 1425 1213 et
1454 1174 1636 1212 visibilia
1660 1187 1744 1212 non

210 1244 308 1278 sunt
347 1243 491 1278 sancte
529 1239 667 1278 anime
704 1239 797 1291 ipsa
833 1240 1141 1290 contemplanti
1178 1240 1257 1278 nisi
1295 1241 1478 1292 quedam
1516 1245 1742 1287 tormenta,

209 1305 363 1352 dolore,
389 1306 586 1355 angustia
608 1310 650 1344 et
675 1319 834 1344 merore
858 1306 982 1356 plena
1005 1306 1073 1344 vel
1096 1319 1283 1352 onerosa,
1310 1307 1557 1358 ponderosa,
1583 1306 1742 1356 gravia,

209 1371 501 1422 deprimentia,
538 1372 713 1417 tediosa,
749 1371 971 1410 fastidiosa
1004 1376 1046 1410 et
1080 1372 1294 1412 acidiosa!
1354 1374 1389 1412 O
1426 1373 1459 1411 si
1492 1377 1583 1411 tam
1617 1373 1745 1411 beata

209 1442 271 1476 est
299 1437 370 1476 illa
396 1438 539 1487 gloria,
569 1438 640 1476 illa
666 1438 769 1484 laus,
799 1438 870 1476 illa
897 1437 1075 1476 felicitas
1102 1438 1382 1477 misericordie
1405 1439 1447 1477 in
1474 1438 1743 1477 lacrimarum

207 1503 497 1542 recordatione
534 1503 575 1541 in
614 1504 914 1542 desideriorum
951 1504 1266 1554 recogitatione,
1305 1505 1579 1543 affectionum
1616 1504 1743 1543 devo-

207 1569 334 1616 tione,
371 1574 534 1620 quanta
568 1574 694 1620 putas
727 1570 805 1608 erit
839 1569 881 1607 in
916 1570 1190 1620 perventione
1223 1570 1396 1609 visionis
1428 1576 1470 1609 et
1504 1570 1738 1609 fruitione?

207 1635 296 1685 Que
331 1635 473 1685 lingua
509 1635 688 1674 sufficiat
725 1637 803 1674 hoc
838 1648 1044 1682 enarrare,
1082 1636 1169 1675 sive
1206 1650 1287 1687 que
1322 1650 1443 1675 aures
1479 1636 1635 1682 audire,
1674 1637 1741 1675 vel

206 1701 320 1751 quod
349 1714 418 1739 cor
447 1701 720 1751 excogitare?
781 1702 816 1740 O
846 1701 974 1740 beata
1002 1702 1184 1748 trinitas,
1216 1703 1270 1741 da
1299 1702 1427 1741 michi
1456 1703 1534 1741 hoc
1563 1702 1742 1741 dulciter

205 1767 385 1806 sentire:
415 1767 469 1806 da
495 1767 623 1806 michi
650 1768 727 1806 hoc
754 1767 1059 1806 delectabiliter
1086 1781 1242 1819 sapere,
1272 1774 1313 1808 et
1341 1769 1375 1807 si
1400 1782 1483 1807 non
1512 1768 1639 1819 digna
1665 1773 1740 1808 aut

204 1833 366 1879 merita,
407 1838 551 1872 tamen
589 1833 633 1871 id
671 1833 801 1872 facias
838 1834 1042 1872 ineflabili
1081 1834 1273 1873 bonitate
1312 1839 1352 1874 et
1392 1835 1740 1886 superexcellenti

203 1899 414 1938 caritate.2
469 1899 674 1949 Digneris,
700 1900 887 1950 inquam,
915 1900 1098 1951 piissime
1122 1901 1236 1939 Deus
1260 1902 1335 1939 hec
1359 1901 1506 1946 facere,
1533 1905 1581 1940 ut
1606 1901 1672 1939 hic
1696 1905 1738 1940 te

202 1964 365 2004 dulcius
402 1966 646 2016 amplectar,
687 1965 767 2004 tibi
804 1966 1022 2004 ardentius
1059 1967 1268 2017 astringar
1306 1972 1347 2006 et
1386 1967 1427 2005 in
1468 1968 1548 2006 fine
1586 1966 1628 2004 in
1667 1966 1738 2005 illa

201 2030 342 2069 celesti
365 2031 496 2081 gloria
520 2036 561 2070 et
587 2032 714 2070 beata
737 2032 898 2071 visione
926 2032 1061 2083 (224a)
1089 2032 1176 2071 sine
1201 2034 1282 2072 fine
1307 2046 1518 2079 mansura,
1545 2032 1736 2071 fruitioni

200 2102 272 2135 tue
297 2097 529 2136 ferventius
553 2102 594 2136 et
620 2097 846 2148 perfectius
870 2098 1111 2149 coniungar,
1139 2103 1181 2138 te
1206 2104 1422 2150 prestante
1447 2099 1520 2150 qui
1544 2111 1587 2138 es
1611 2112 1735 2150 super

199 2163 341 2201 omnia
366 2164 481 2202 Deus
506 2164 753 2202 benedictus
779 2164 821 2202 in
848 2164 999 2203 secula.
1057 2165 1237 2205 Amen.”

253 2252 370 2291 Hec3
410 2252 573 2290 intente
616 2252 812 2291 meditari
854 2253 942 2291 dixi
984 2253 1237 2304 sapientiam
1267 2253 1510 2304 perfectam.
1571 2254 1620 2291 In
1654 2253 1733 2291 hiis

198 2318 383 2358 studiose
407 2318 645 2356 conversari
667 2318 755 2357 dixi
777 2319 1030 2369 sapientiam
1053 2324 1405 2358 consummatam.
1464 2320 1554 2357 Hec
1577 2319 1731 2357 cotidie

197 2386 350 2423 devote
377 2384 605 2433 recogitare
633 2384 721 2422 dixi
748 2385 1018 2435 prudentiam
1046 2386 1319 2424 salutiferam.
1380 2386 1429 2424 In
1458 2385 1536 2423 hiis
1562 2385 1728 2423 assidue

197 2449 395 2489 delectari
426 2450 549 2488 credo
580 2451 806 2489 consistere
837 2451 973 2489 vitam
1004 2452 1317 2502 sempiternam.
1377 2452 1466 2490 Hec
1497 2463 1594 2501 ergo
1625 2455 1728 2501 opto

198 2522 244 2555 ut
278 2529 440 2566 semper
474 2516 698 2555 mediteris.
759 2518 807 2555 In
842 2517 920 2555 hiis
953 2517 1077 2568 cupio
1108 2522 1156 2556 ut
1189 2518 1397 2556 instanter
1429 2516 1617 2556 verseris,
1678 2517 1727 2555 In

198 2583 276 2620 hiis
314 2582 502 2620 desidero
541 2587 587 2621 ut
626 2582 801 2621 feliciter
839 2583 1067 2622 delecteris.
1127 2584 1216 2622 Hec
1256 2583 1432 2622 fideliter
1470 2583 1641 2621 consulo
1678 2587 1727 2622 ut

198 2662 330 2699 usque
362 2648 403 2685 in
438 2649 563 2686 linem
595 2648 852 2687 incessanter
884 2649 1162 2699 amplecteris,
1197 2654 1238 2688 et
1272 2654 1332 2695 ut,
1368 2649 1482 2700 quod
1514 2648 1594 2687 tibi
1626 2653 1728 2699 opto

199 2714 324 2752 ambo
357 2713 512 2763 pariter
542 2727 828 2765 assequamur,
862 2715 1050 2753 omnium
1084 2715 1289 2754 bonorum
1319 2715 1560 2765 largitorem
1591 2715 1729 2753 Deum

249 2829 260 2848 ¹
278 2830 333 2860 Ps.
360 2828 549 2860 LXXX1115.

248 2873 261 2892 ²
278 2874 340 2904 Ms.
364 2874 518 2904 caritate
540 2877 575 2905 te

249 2917 261 2936 ³
278 2918 383 2948 Bern.
406 2917 516 2948 Serm.
537 2919 572 2948 in
593 2918 697 2949 Cant.
722 2918 856 2954 vanss,
879 2919 1010 2957 Migne,
1032 2919 1115 2950 P.L.
1137 2918 1396 2950 CLXXX1111011.
