2001 3250
98 959 145 986 10

95 1617 144 1645 20

93 2309 143 2346 30

218 235 267 276 90
610 220 951 260 INSTRUCTIO
976 220 1072 259 PIE
1093 220 1336 260 VIVENDI

219 355 304 394 noli
328 353 535 398 deficere,1
561 351 633 390 sed
657 351 895 389 confortare
919 356 961 390 et
986 350 1162 390 viriliter
1187 364 1274 402 age,
1302 352 1402 403 quia
1426 357 1568 392 tecum
1592 365 1686 391 sum
1711 353 1753 391 in

221 420 335 459 omni
369 417 642 458 tribulatione
675 422 717 455 et
752 416 1055 455 adversitate.''
1112 417 1179 455 Ad
1213 417 1331 456 cuius
1362 431 1511 457 vocem
1544 423 1754 469 tanquam

221 486 325 523 bene
384 483 626 522 confortata
684 487 727 521 et
786 481 1055 521 abundanter
1114 483 1274 530 adiuta,
1336 484 1551 535 hylarata2
1609 488 1753 523 mente

219 550 457 601 tripudians
485 553 526 587 et
555 547 743 598 gaudens
769 547 1036 598 respondeas,
1069 548 1332 600 “nunquam
1360 563 1457 600 ergo
1485 549 1614 588 michi
1642 549 1750 588 desit

218 616 449 660 tribulatio,
477 626 697 664 nunquam
723 618 854 652 cesset
881 613 1068 659 afflictio,
1096 627 1316 665 nunquam
1342 615 1454 654 absit
1479 615 1673 661 abiectio,
1701 621 1750 654 ut

217 688 265 721 tu
293 693 455 731 semper
482 692 648 718 mecum
676 679 742 725 sis,
773 679 1011 718 dulcissime
1038 679 1219 719 Domine
1247 681 1355 727 Iesu,
1386 682 1458 720 sed
1486 681 1560 732 qui
1586 681 1746 732 cepisti,

216 748 303 798 ipse
336 760 403 785 me
437 750 630 785 conteras
662 750 704 783 et
739 746 815 784 hec
847 745 975 783 michi
1008 745 1062 784 sit
1096 747 1340 792 consolatio,
1376 751 1424 786 ut
1458 747 1649 797 affligens
1681 759 1749 785 me

219 813 356 864 (214b)
407 812 549 850 dolore
594 823 815 862 nunquam
862 810 990 849 michi
1036 823 1197 862 parcas,
1254 812 1364 858 Non,
1396 813 1585 864 inquam,
1620 812 1750 850 michi

216 892 364 930 parcas
386 877 627 917 transitorie
650 877 693 915 in
718 877 797 915 hoc
820 877 971 922 seculo,
997 881 1046 916 ut
1070 877 1312 917 eternaliter
1336 891 1484 929 parcas
1506 878 1549 916 in
1573 878 1718 917 futuro
1738 890 1745 917 1

215 948 474 996 quapropter
509 943 685 982 verbera
721 948 763 981 et
799 942 964 992 flagella
998 947 1042 981 et
1078 948 1250 994 percute
1286 944 1395 983 sicut
1430 944 1507 990 vis,
1546 943 1749 994 quoniam

214 1011 323 1049 ictus
353 1010 417 1049 tui
445 1022 530 1048 non
561 1014 659 1048 sunt
690 1008 871 1047 odientis
900 1008 1070 1054 inimici,
1103 1009 1176 1048 sed
1205 1009 1359 1060 piisimi
1389 1010 1523 1061 patris
1552 1015 1594 1048 et
1624 1009 1750 1048 amici

213 1076 419 1115 veraciter
441 1075 637 1120 amantis,
661 1079 703 1113 et
725 1074 880 1112 idcirco
902 1087 987 1113 non
1008 1074 1156 1114 ledunt
1179 1080 1254 1114 aut
1276 1080 1430 1114 nocent
1454 1080 1528 1114 aut
1551 1080 1744 1125 gravant,

215 1143 287 1181 sed
301 1141 524 1187 mundant,
542 1146 738 1192 purgant,
756 1145 922 1186 sanant,
939 1140 1159 1180 vivificant
1174 1146 1217 1180 et
1232 1141 1413 1188 salvant,
1433 1143 1440 1155 ‘
1460 1146 1502 1180 et
1517 1141 1750 1180 secundum

214 1207 533 1246 multitudinem
575 1207 767 1245 dolorum
808 1219 999 1245 meorum
1039 1206 1083 1245 in
1124 1207 1248 1246 corde
1289 1220 1396 1254 meo,
1440 1207 1750 1246 consolationes

214 1279 287 1313 tue
322 1273 526 1312 letificant
562 1273 749 1311 animam
783 1272 972 1318 meam,’³
1006 1271 1185 1324 ideoque
1221 1273 1384 1312 dolores
1419 1278 1461 1312 et
1497 1272 1750 1312 afflictiones

214 1340 256 1377 in
281 1353 348 1378 me
370 1352 590 1390 nunquam
615 1342 778 1377 cessent
801 1338 944 1388 augeri
967 1343 1009 1377 et
1033 1338 1306 1389 multiplicari
1330 1352 1411 1390 que
1435 1339 1568 1378 tantis
1591 1344 1633 1377 et
1658 1344 1750 1377 tam

214 1405 405 1444 iocundis
446 1404 805 1444 consolationibus
844 1408 1060 1443 merentur
1100 1405 1318 1444 letificari:
1362 1405 1474 1443 unde
1516 1405 1746 1455 apostolus,

217 1472 224 1485 ‘
245 1472 352 1510 sicut
376 1471 599 1510 abundant
623 1470 838 1521 passiones
862 1470 1016 1508 Christi
1038 1470 1081 1508 in
1105 1470 1239 1517 nobis,
1266 1471 1324 1509 sic
1347 1476 1389 1510 et
1414 1471 1651 1509 abundabit
1676 1482 1750 1521 per

213 1537 352 1587 ipsum
389 1536 621 1576 consolatio
656 1536 830 1575 nostra.’
852 1536 897 1560 ”4
952 1536 1042 1575 Hec
1078 1536 1315 1587 intelligens
1351 1542 1392 1575 et
1429 1537 1472 1575 in
1510 1536 1633 1575 corde
1670 1541 1746 1574 tuo

214 1603 434 1653 diligenter
456 1603 690 1648 revolvens,
716 1606 855 1640 totam
879 1607 922 1640 te
946 1601 989 1640 in
1013 1602 1105 1652 ipso
1128 1602 1260 1641 iactes
1284 1607 1326 1641 et
1352 1602 1519 1641 ardenti
1543 1601 1748 1641 desiderio

212 1669 367 1708 mentis
387 1669 578 1707 exclama
599 1667 754 1714 dicens,
779 1668 803 1681 “
822 1667 1004 1706 Domine
1026 1667 1134 1707 sicut
1157 1668 1222 1706 vis
1243 1673 1286 1707 et
1307 1668 1416 1707 sicut
1439 1668 1530 1714 scis,
1555 1668 1749 1706 miserere

213 1734 321 1773 mei:
361 1738 402 1773 et
438 1734 648 1784 flagellare
684 1738 727 1772 et
763 1733 969 1783 castigare
1006 1733 1231 1784 digneris.'’
1290 1734 1333 1774 Si
1369 1735 1427 1773 sic
1462 1734 1506 1772 in
1542 1734 1622 1772 hiis
1659 1746 1748 1784 per-

213 1800 482 1846 severaveris,
524 1800 567 1838 in
608 1800 689 1838 fine
728 1799 918 1850 gaudens
957 1804 1000 1838 et
1039 1800 1126 1838 leta
1165 1800 1370 1845 cantabis,
1416 1799 1638 1839 “transivi
1678 1811 1751 1850 per

212 1867 351 1916 ignem
384 1871 426 1905 et
459 1879 628 1917 aquam,
664 1870 706 1904 et
740 1865 955 1904 deduxisti
986 1878 1053 1904 me
1086 1865 1129 1904 in
1161 1865 1457 1916 refrigerium‚⁵
1490 1871 1533 1905 et
1566 1864 1750 1905 tenuisti

212 1945 388 1971 manum
417 1932 637 1971 dexteram
664 1944 816 1977 meam,
848 1936 891 1970 et
919 1931 962 1969 in
991 1932 1215 1971 voluntate
1244 1936 1321 1971 tua
1350 1931 1564 1971 deduxisti
1593 1944 1672 1976 me,
1705 1935 1746 1969 et

214 2011 309 2037 cum
349 1998 480 2048 gloria
520 1997 740 2048 suscepisti
779 1997 910 2036 me.”⁶
965 1997 1033 2035 Ad
1072 2010 1202 2048 quam
1240 1998 1416 2048 gloriam
1456 1998 1491 2036 si
1530 1996 1747 2048 pervenire

213 2065 405 2109 volueris,
433 2065 530 2102 licet
557 2063 828 2114 corporaliter
857 2063 992 2114 (215a)
1021 2064 1227 2102 consistas
1252 2064 1295 2102 in
1321 2064 1454 2110 terris,
1483 2076 1580 2102 cum
1605 2067 1747 2101 mente

214 2135 255 2169 et
279 2130 483 2169 desiderio
505 2130 698 2168 habitare
721 2129 848 2168 debes
868 2129 911 2167 in
934 2129 1044 2169 celis.

214 2257 282 2287 DE
307 2256 714 2288 CONFESSORIBUS
741 2256 803 2288 ET
831 2256 1168 2287 HUMANITATE

212 2300 426 2332 CHRISTI.
1351 2298 1643 2331 CAPITULUM
1669 2298 1743 2329 LV.

268 2361 443 2399 Advoca
468 2373 564 2410 ergo
591 2360 633 2398 in
660 2360 865 2398 auxilium
891 2364 1015 2398 tuum
1042 2360 1190 2399 beatos
1216 2360 1473 2398 confessores
1498 2358 1743 2404 Martinum,

212 2427 447 2471 Nicolaum,
476 2426 767 2472 Benedictum,
796 2425 1060 2464 Bernardum
1085 2431 1127 2464 et
1154 2438 1298 2464 omnes
1324 2425 1438 2472 alios,
1467 2424 1551 2476 qui,
1579 2424 1676 2463 licet
1701 2423 1744 2462 in

214 2493 291 2530 hac
324 2491 657 2543 peregrinatione
691 2492 778 2530 solo
810 2504 994 2542 corpore,
1030 2492 1145 2542 quod
1176 2491 1400 2542 multiplici
1432 2495 1474 2530 et
1507 2488 1746 2529 abundanti

214 2558 409 2607 angustia
456 2570 504 2595 ac
543 2557 763 2608 disciplina
809 2557 896 2596 sive
935 2557 1163 2596 afflictione
1211 2557 1383 2608 spiritus
1411 2556 1745 2606 subiugaverunt

264 2650 277 2669 ¹
293 2652 380 2681 Gen.
407 2649 552 2682 xxw24.

265 2694 277 2712 ²
294 2696 357 2726 Ms.
378 2696 540 2734 hylarita

262 2738 275 2757 ³
292 2740 347 2769 ΡΞ.
378 2738 531 2768 XC111¹⁹z
559 2740 603 2769 de
630 2739 729 2770 Imit.
755 2739 888 2770 Christ.
915 2745 959 2768 111
984 2737 1087 2770 505-6.

261 2781 276 2801 ⁴
294 2790 322 2812 11
345 2784 390 2813 ad
416 2782 494 2813 Cor.
521 2781 561 2813 1⁵.

263 2826 276 2844 ⁵
292 2827 348 2857 Ps.
376 2825 499 2855 va12.

262 2870 275 2889 ⁶
291 2871 347 2901 Ps.
372 2869 531 2900 Lxxu²⁴.
