1934 3260
92 1021 142 1049 10

93 1684 144 1713 20

37 2081 144 2122 ‚25

93 2413 146 2452 30

589 275 661 314 ET
700 275 967 314 SUPERNA
1004 276 1346 316 MEDITANDI.
1704 284 1727 325 5

205 408 531 462 sapientioribus
560 419 763 457 magnum
793 406 896 457 quid
926 411 1001 446 aut
1031 408 1216 446 multum
1245 409 1493 460 nunquam1
1524 420 1742 459 presumas

206 476 334 528 loqui,
375 475 449 515 sed
486 473 620 524 magis
658 473 939 511 auscultando
977 486 1125 524 pacem
1163 478 1285 513 tuam
1323 474 1500 520 custodi,
1541 487 1594 513 ne
1632 474 1741 513 forte

207 543 395 595 proferas
422 539 604 580 tacenda
631 542 674 578 et
703 538 882 590 capiaris
909 539 1061 591 laqueo
1089 539 1171 579 oris
1199 540 1316 580 tui2:
1348 540 1449 592 qui3
1476 540 1600 587 enim,
1632 539 1741 579 sicut

207 610 335 660 vulgo
356 607 521 653 dicitur,
545 606 596 645 de
616 605 813 644 omnibus
833 605 989 644 scilicet
1009 618 1094 644 non
1116 606 1303 646 dicendis
1322 611 1449 653 tacet,
1473 606 1525 645 de
1545 605 1742 644 omnibus

209 687 358 727 pacem
389 673 532 712 habet.
592 673 651 711 Ut
685 671 815 710 etiam
846 671 889 710 in
922 685 1025 723 pace
1058 685 1222 723 semper
1254 673 1388 724 possis
1420 685 1508 712 esse
1541 673 1741 723 perfecta,

209 741 381 781 omnino
416 752 519 779 cave
554 751 606 777 ne
641 750 833 789 unquam
868 738 923 776 sis
958 738 1200 789 suspiciosa,
1237 752 1314 778 nec
1349 739 1578 791 aliquando
1614 738 1745 777 dubia

209 808 277 847 vel
317 806 541 846 manifeste
582 805 696 843 bona
735 804 778 843 in
821 804 1072 843 deteriorem
1114 809 1281 856 partem
1323 809 1551 856 pervertas,
1595 817 1745 843 verum

209 874 341 914 etiam
371 877 516 924 aperte
547 871 674 919 mala,
706 870 741 909 si
772 883 963 921 unquam
994 875 1116 922 potes
1146 884 1313 918 excusa,
1348 876 1424 910 aut
1454 871 1497 910 in
1529 870 1745 909 meliorem

210 945 376 992 partem
402 942 637 984 convertas,
666 937 853 988 ahoquin
880 937 1022 988 quiete
1049 937 1164 988 pacis
1190 937 1337 989 procul
1363 937 1492 976 dubio
1518 941 1561 976 te
1588 936 1743 988 privas.

209 1006 397 1046 Alicuius
419 1004 550 1045 etiam
572 1003 754 1042 nominis
776 1016 998 1055 nunquam
1021 1017 1109 1043 esse
1132 1004 1235 1043 velis
1259 1008 1334 1043 aut
1356 1003 1503 1050 videri,
1528 1003 1602 1042 sed
1623 1002 1746 1042 iuxta

210 1062 430 1112 consilium
464 1071 579 1111 beati
612 1070 818 1109 Bernardi
851 1083 1014 1121 semper
1049 1071 1190 1109 “ama
1221 1070 1443 1110 nesciri.''4
1498 1070 1534 1109 O
1568 1069 1747 1108 verbum

210 1140 337 1179 breve
365 1138 438 1178 sed
465 1138 586 1177 dulce
613 1142 655 1176 et
683 1136 922 1187 gloriosum,
952 1149 1116 1188 semper
1142 1137 1185 1175 in
1213 1137 1337 1176 corde
1365 1141 1408 1176 et
1435 1136 1677 1187 frequenter
1703 1135 1747 1173 in

211 1219 280 1245 ore
313 1205 529 1245 cuiuslicet
561 1203 742 1254 religiosi
773 1203 925 1242 merito
955 1203 1291 1244 revolvendum!
1349 1202 1601 1242 Notandum
1633 1200 1749 1253 quod

210 1286 295 1311 non
328 1271 442 1318 dicit,
479 1272 502 1285 “
521 1270 761 1316 nesciaris,”
794 1270 868 1308 sed
901 1270 1042 1308 “ama
1072 1269 1266 1317 nesciri,’'
1299 1269 1400 1320 quia
1428 1281 1577 1308 revera
1605 1272 1749 1307 totum

212 1339 373 1378 bonum
400 1342 443 1377 et
473 1337 651 1376 dulcedo
680 1336 796 1387 pacis
825 1348 874 1374 ac
902 1335 1211 1386 transquillitas
1239 1335 1506 1374 solummodo
1533 1334 1577 1373 in
1607 1346 1749 1373 amore

212 1406 317 1445 velle
350 1404 500 1443 nesciri
533 1402 739 1442 veraciter
773 1401 979 1442 consistit.
1038 1402 1081 1442 Si
1114 1407 1260 1441 autem
1292 1402 1405 1440 hunc
1438 1413 1625 1440 amorem
1658 1404 1750 1439 tam

212 1471 448 1524 preciosum
506 1469 665 1508 solicite
722 1468 878 1507 habere
935 1468 1159 1515 studueris,
1218 1480 1441 1519 nunquam
1498 1467 1549 1506 de
1607 1466 1751 1517 aliqua

212 1537 495 1590 qualicunque
526 1536 664 1588 (142b)
695 1539 961 1586 paupertate,
991 1534 1079 1574 sive
1106 1534 1343 1574 abiectione
1369 1533 1647 1585 conquereris,
1677 1532 1751 1571 sed

212 1618 282 1644 eas
307 1610 517 1656 tanquam
544 1615 732 1642 amorem
759 1601 874 1653 pacis
901 1606 943 1640 et
971 1614 1120 1652 pacem
1147 1600 1302 1640 amoris
1327 1600 1370 1639 in
1398 1613 1441 1639 se
1468 1599 1746 1645 continentes,

210 1671 390 1711 iocunde
420 1683 469 1709 ac
498 1669 803 1709 delectabiliter
833 1667 1125 1719 amplecteris:
1158 1667 1274 1718 quod
1303 1667 1337 1705 si
1366 1666 1523 1712 feceris,
1556 1665 1642 1704 filia
1669 1664 1750 1704 Dei

212 1751 300 1777 esse
330 1736 554 1776 mereberis
584 1740 626 1775 et
656 1734 878 1774 nominari.
937 1734 1063 1773 Beati
1092 1733 1205 1773 enim
1235 1733 1410 1785 pacifici,
1444 1732 1647 1784 quoniam
1676 1730 1750 1770 filii

213 1804 292 1844 Dei
317 1803 599 1843 vocabuntur.
614 1803 630 1826 ⁵

212 1944 280 1974 DE
314 1941 621 1974 DILECTIONE
657 1940 979 1971 INIMICORUM.
1314 1937 1604 1969 CAPITULUM
1630 1936 1699 1967 III.

267 2004 327 2043 Ut
364 2003 495 2042 etiam
533 2001 688 2041 dilecta
724 2000 804 2040 Dei
841 1999 927 2039 filia
963 1999 1116 2038 merito
1152 2012 1241 2038 esse
1278 1997 1517 2044 inveniaris,
1557 1995 1750 2035 inimicos

212 2074 310 2109 tuos
350 2073 524 2121 propter
563 2068 722 2107 multas
761 2066 948 2106 rationes
988 2070 1032 2105 et
1072 2064 1309 2117 specialiter
1349 2068 1522 2116 propter
1562 2062 1750 2114 quinque

213 2136 382 2187 diligere
422 2134 590 2175 teneris.
649 2133 817 2173 Primo:
863 2132 1020 2172 scilicet
1062 2136 1113 2171 ut
1154 2131 1270 2171 Deus
1312 2131 1394 2170 tibi
1437 2129 1630 2169 dimittat
1673 2133 1751 2168 tua

213 2207 400 2254 peccata,
426 2202 542 2254 quod
565 2200 738 2252 quidem
760 2199 887 2239 faciet
911 2199 945 2238 si
968 2203 1018 2238 tu
1041 2198 1247 2237 dimiseris
1271 2198 1433 2236 aliena:
1459 2209 1556 2247 ergo
1581 2195 1750 2234 dimitte

214 2269 442 2321 prudenter
477 2267 639 2307 homini
674 2279 827 2319 parum
862 2265 978 2317 quod
1013 2265 1057 2304 in
1093 2269 1136 2304 te
1171 2264 1396 2310 commisit,
1434 2267 1483 2302 ut
1519 2262 1600 2301 tibi
1634 2261 1750 2300 Deus

213 2336 405 2375 dimittat
448 2335 646 2380 multum,
692 2333 809 2385 quod
851 2332 991 2383 sepius
1034 2335 1184 2371 contra
1226 2343 1323 2370 eum
1367 2328 1594 2380 deliquisti.
1653 2328 1750 2379 Ipse

213 2402 326 2442 enirn
356 2401 471 2448 dicit,
506 2402 530 2415 “
549 2401 584 2440 si
613 2399 855 2439 dimiseritis
885 2398 1128 2438 hominibus
1158 2401 1335 2449 peccata
1364 2409 1522 2441 eorum,
1554 2399 1599 2434 et
1628 2398 1749 2445 pater

212 2482 331 2508 meus
360 2467 524 2507 celestis
554 2467 744 2506 dimittet
772 2465 895 2505 vobis
924 2468 1101 2516 peccata
1128 2463 1344 2503 vestra.'’⁶
1400 2463 1509 2502 Ecce
1538 2460 1678 2499 brevis
1705 2463 1750 2498 et

213 2548 298 2574 non
337 2534 477 2586 gravis
516 2533 767 2585 penitencia,
809 2536 853 2571 et
892 2531 1064 2570 cuilibet
1103 2530 1249 2576 cilicia,
1290 2529 1458 2575 ieiunia,
1493 2526 1747 2578 disciplinas,

213 2601 377 2641 labores
398 2605 442 2641 et
464 2605 605 2640 cetera
625 2599 730 2639 talia
751 2598 957 2638 sustinere
979 2610 1065 2636 non
1086 2596 1248 2636 valenti
1269 2595 1394 2634 valde
1417 2592 1716 2645 compendiosa
1739 2593 1746 2632 1

214 2668 338 2715 Hane
359 2667 637 2718 complectere
659 2670 702 2706 et
723 2677 866 2705 secure
886 2664 1017 2711 vives,
1042 2663 1144 2715 quia
1164 2663 1198 2702 si
1218 2662 1438 2702 inimicum
1458 2673 1543 2699 non
1566 2657 1750 2698 amando

264 2773 277 2792 ²
291 2774 356 2805 Ms.
382 2776 449 2804 aut
469 2780 674 2813 nunquam.
823 2769 836 2788 2
851 2771 960 2802 Prov.
983 2776 1023 2800 VI
1045 2767 1070 2802 ².
1275 2767 1289 2786 ³
1304 2768 1370 2799 Ms.
1397 2766 1498 2807 quid.

264 2817 400 2849 ‘Bem
425 2818 463 2848 in
491 2816 616 2848 Nativ.
646 2816 797 2848 Domini
825 2814 952 2846 Sermo
980 2821 1031 2845 IV.
1122 2813 1257 2853 Migne,
1286 2812 1372 2843 P.L.
1401 2806 1673 2841 eLxxx111¹²³z
1700 2807 1747 2838 de

217 2863 359 2893 Imitat.
380 2861 514 2893 Christi
542 2868 555 2891 1
577 2859 593 2902 §
622 2859 677 2891 11³.

266 2906 279 2925 ⁵
295 2906 402 2937 Matt.
432 2905 486 2936 v⁹.

263 2949 277 2969 ⁶
292 2950 400 2982 Matt.
420 2957 461 2980 VI
480 2947 522 2981 ²⁴.
