2001 3250
63 1034 110 1061 10

63 1365 109 1402 15

64 1695 116 1725 20

65 2359 115 2396 30

585 251 658 290 ET
685 251 951 290 SUPERNA
978 252 1322 292 MEDITANDI.
1675 264 1725 303 93

182 384 325 429 habet,
352 387 401 422 ut
426 382 615 421 animam
639 395 761 421 suam
786 389 919 434 ponat
940 384 1034 435 quis
1057 397 1133 435 pro
1158 384 1304 423 amicis
1327 383 1476 422 suis.’'1
1535 383 1591 421 Et
1612 388 1727 422 certe

181 450 250 489 tu²
269 449 508 488 dulcissime
535 449 632 487 Iesu
657 449 794 487 multo
819 450 1023 489 maiorem
1049 450 1250 496 habuisti,
1279 462 1441 501 ponens
1475 461 1569 488 eam
1595 449 1727 488 etiam

182 520 225 555 et
251 529 328 567 pro
352 515 438 554 tuis
468 514 661 554 inimicis.
721 515 908 566 Quinto:
942 520 990 555 ut
1023 517 1245 566 diligenter
1265 516 1503 555 consideres
1534 528 1616 565 que
1647 515 1727 554 tibi

182 585 458 633 apponuntur
488 581 544 619 ad
574 581 926 628 convescendum,
959 582 1061 633 quia
1091 595 1161 621 cor
1192 582 1281 621 eius
1311 582 1392 621 tibi
1422 581 1653 632 apponitur
1684 582 1728 620 in

183 648 337 693 cibum,
370 651 413 686 et
444 647 616 697 sanguis
649 647 785 699 (217a)
818 648 861 686 in
893 653 1057 699 potum.
1117 649 1152 688 O
1184 648 1452 687 dulcissimus
1483 647 1631 687 cibus!
1693 648 1729 686 O

182 713 505 765 gloriosissimus
536 717 664 764 potus
687 715 693 753 l
728 714 901 753 comede
932 715 1059 765 ergo3
1083 719 1124 754 et
1150 715 1247 753 bibe
1279 714 1428 759 amica,
1456 718 1498 752 et
1520 713 1729 752 inebriare

183 780 411 819 carissima.
469 780 649 831 Appone
673 779 819 831 itaque
844 793 890 819 os
913 785 1039 819 tuum
1063 781 1119 819 ad
1142 781 1247 819 illud
1272 781 1461 819 foramen
1486 779 1727 830 gloriosum,

182 851 230 885 ut
276 847 401 897 pleno
446 859 516 884 ore
561 846 731 884 haurias
777 847 889 885 hunc
934 847 1183 897 sanguinem
1228 846 1596 898 preciosissimum,
1645 859 1732 896 quo

182 912 453 951 abundanter
479 912 693 963 implearis
721 917 762 951 et
792 912 897 952 bene
925 926 974 952 ac
1002 913 1312 952 delectabiliter
1339 912 1571 951 inebrieris.

182 1040 250 1070 DE
275 1039 566 1071 EBRIETATE
592 1039 913 1071 SPIRITUAL1.4
1316 1040 1608 1071 CAPITULUM
1634 1039 1726 1069 LVI.

236 1090 341 1128 Vere
369 1089 469 1127 felix
495 1102 680 1140 namque
707 1089 762 1127 ad
789 1090 868 1128 hoc
895 1089 1250 1140 preciosissimum
1277 1089 1438 1128 dolium
1465 1089 1506 1127 in
1534 1092 1600 1127 tot
1628 1088 1733 1127 locis

181 1168 257 1206 pro
280 1155 417 1194 salute
440 1155 631 1194 omnium
654 1156 918 1206 perforatum
941 1169 987 1195 os
1010 1156 1147 1195 cordis
1170 1156 1392 1206 diligenter
1415 1168 1464 1194 ac
1488 1155 1733 1205 frequenter

181 1221 393 1260 studuerit
426 1221 650 1272 applicare,
686 1226 734 1260 ut
768 1222 819 1260 de
852 1222 932 1260 hiis
965 1222 1138 1273 singulis
1170 1222 1462 1267 foraminibus¹
1498 1221 1565 1260 vel
1597 1221 1734 1259 altero

181 1301 327 1326 eorum
360 1287 630 1326 abundanter
664 1288 898 1327 hauriendo
932 1289 1072 1327 sobria
1106 1288 1286 1339 spiritali
1319 1292 1532 1327 mereatur
1565 1286 1730 1338 impleri

180 1354 400 1392 ebrietate.
460 1354 503 1394 Si
522 1366 620 1403 ergo
641 1354 695 1392 ad
715 1354 808 1392 illos
828 1354 977 1393 beatos
997 1355 1125 1405 pedes
1146 1354 1392 1405 suppliciter
1413 1353 1732 1405 procumbendo

183 1433 226 1458 se
263 1420 479 1459 humiliter
516 1420 807 1471 prostraverit,
849 1420 900 1459 de
937 1420 1143 1459 foramine
1181 1421 1300 1471 pedis
1338 1420 1497 1459 sinistri
1534 1419 1731 1458 timorem

183 1486 328 1524 iudicii
378 1490 420 1525 et
473 1486 689 1525 horrorem
739 1486 905 1533 inferni,
958 1487 1002 1525 id
1054 1492 1117 1526 est
1170 1487 1318 1525 vinum
1370 1485 1638 1525 contritionis
1689 1492 1729 1523 et

185 1552 526 1604 compunctionis
577 1553 774 1599 bibendo,
827 1553 878 1592 de
926 1553 1134 1592 foramine
1180 1553 1299 1605 pedis
1343 1552 1484 1591 dextri
1531 1551 1730 1590 fiduciam

185 1619 469 1658 misericordie
499 1623 541 1658 et
566 1632 684 1670 spem
713 1619 988 1670 indulgentie,
1022 1620 1066 1658 id
1089 1624 1153 1658 est
1183 1619 1331 1658 vinum
1361 1618 1662 1657 consolationis
1689 1625 1731 1656 et

184 1685 456 1724 recreationis
500 1686 704 1736 potando,
751 1691 961 1736 tanquam
1006 1686 1106 1724 vino
1151 1699 1264 1737 aqua
1309 1685 1465 1724 mixto⁵
1509 1684 1733 1723 salubriter

186 1751 345 1802 poterit
399 1751 611 1791 inebriari.
671 1752 795 1802 Quod
851 1752 885 1790 si
940 1752 995 1791 ad
1050 1752 1142 1790 illas
1198 1752 1526 1803 preciosissimas
1581 1763 1733 1788 manus

185 1818 474 1857 desideranter
500 1818 768 1857 ascendendo
796 1831 838 1857 se
866 1823 1107 1857 reverenter
1134 1818 1415 1863 inclinaverit,
1446 1818 1498 1857 de
1526 1816 1736 1856 foramine

185 1897 338 1923 manus
374 1884 541 1923 sinistre
579 1884 862 1923 detersionem
900 1885 1124 1936 pulverum
1162 1890 1203 1924 et
1242 1884 1507 1923 ablutionem
1545 1883 1733 1922 sordium

185 1955 470 2001 peccatorum,
516 1950 560 1989 id
602 1955 666 1989 est
709 1951 859 1989 vinum
902 1951 1136 1990 dulcedinis
1182 1951 1321 2002 (217b)
1368 1956 1410 1989 et
1455 1949 1732 1989 iocunditatis

185 2017 406 2063 ebibendo,
438 2017 490 2055 de
519 2017 725 2056 toramine
754 2022 899 2056 autem
927 2030 1080 2056 manus
1108 2018 1256 2056 dextre
1286 2018 1398 2056 dona
1426 2017 1660 2067 gratiarum
1689 2020 1731 2054 et

184 2083 493 2134 protectionem
527 2096 685 2129 earum,
721 2083 765 2122 id
799 2088 862 2122 est
896 2084 1045 2122 vinum
1078 2083 1346 2123 liberalitatis
1380 2088 1421 2122 et
1468 2082 1732 2121 fortitudinis

184 2150 430 2195 hauriendo,
464 2155 675 2200 tanquam
706 2150 835 2189 calice
866 2150 956 2188 vini
988 2150 1092 2189 meri
1124 2151 1249 2201 pleno
1280 2150 1417 2188 mixto
1450 2149 1501 2188 de
1534 2149 1732 2187 manibus

185 2215 358 2255 Domini
388 2215 469 2254 sibi
500 2216 727 2267 propinato
759 2216 936 2255 feliciter
967 2216 1128 2255 valebit
1160 2216 1326 2255 ebriari.
1385 2215 1579 2266 Denique
1611 2214 1646 2253 si
1677 2214 1735 2253 ad

184 2282 290 2321 illud
332 2282 679 2333 gloriosissimum
723 2282 913 2321 foramen
958 2283 1101 2322 lateris
1145 2283 1342 2321 ardenter
1387 2281 1644 2320 accurrendo
1689 2293 1731 2318 se

185 2349 377 2388 totaliter
414 2348 678 2395 immerserit,
719 2348 770 2387 de
807 2349 899 2400 ipso
937 2349 1210 2388 securitatem
1249 2349 1386 2387 cordis
1423 2354 1464 2387 et
1504 2347 1731 2397 transquil-

185 2415 364 2461 litatem,
388 2414 432 2453 id
453 2419 517 2453 est
538 2415 687 2453 vinum
708 2415 949 2454 devotionis
969 2420 1013 2454 et
1034 2415 1408 2466 contemplationis
1428 2413 1730 2458 exhauriendo,

185 2486 395 2532 tanquam
424 2481 732 2532 preciosissimo
761 2482 920 2521 clareto
949 2495 1001 2520 ex
1031 2481 1205 2533 optimis
1233 2485 1276 2520 et
1307 2481 1483 2520 diversis
1513 2479 1735 2531 speciebus

187 2560 236 2586 ac
254 2547 482 2599 pigmentis
498 2547 724 2586 beatarum
740 2552 783 2587 et
800 2547 1081 2587 ineffabilium
1097 2548 1265 2586 illarum
1283 2547 1501 2586 celestium
1519 2546 1732 2584 visionum

188 2619 230 2653 et
270 2613 581 2652 revelationum
622 2613 830 2653 divinitus
870 2614 1076 2660 confecto,
1121 2613 1428 2653 delectabiliter
1469 2619 1510 2652 et
1553 2612 1733 2650 iocunde

238 2697 250 2715 ¹
267 2697 369 2728 Ioan.
397 2696 494 2727 XV13.

238 2740 251 2759 ²
267 2742 332 2772 Ms.
357 2744 399 2772 ut

237 2784 250 2803 ³
265 2787 308 2816 de
329 2785 470 2816 Imitat.
492 2785 628 2817 Christi
648 2793 686 2814 IV
704 2783 720 2824 ἓ
738 2784 787 2816 14.
834 2804 844 2815 ³

237 2828 251 2847 ⁴²
266 2830 373 2860 Bern.
411 2829 523 2859 Serm.
558 2830 595 2859 in
630 2829 736 2860 Cant.
773 2837 853 2865 LXI,
889 2830 1022 2869 Migne,
1059 2830 1144 2861 P.L.
1180 2829 1462 2860 chxxxlil⁰⁷02
1502 2827 1734 2868 Ruysbroekv

189 2874 422 2904 Adornment
439 2874 477 2904 of
494 2875 558 2904 the
578 2873 755 2913 Spiritual
774 2874 953 2914 Marriage
982 2881 1066 2905 XIX.

237 2916 250 2936 ⁵
266 2918 385 2958 Epist.
409 2916 517 2948 ‘cum
539 2918 687 2948 Martha
705 2917 826 2949 cirea'
851 2918 921 2958 (an.
948 2918 1065 2958 1202),
1087 2919 1341 2949 Deua-Banu.
1364 2916 1379 2957 ἓ
1401 2917 1469 2947 416
