2001 3250
126 985 170 1011 10

124 1315 171 1354 15

123 2359 171 2397 30

240 250 292 300 78
638 248 978 288 INSTRUCTIO
1003 248 1098 286 PIE
1120 247 1365 287 VIVENDI

240 380 503 420 admonende
523 391 530 417 :
555 378 866 429 indisciplinate
890 382 1035 417 autem
1058 382 1101 417 et
1123 378 1299 418 rebelles
1321 378 1507 418 acribusl
1529 378 1776 419 verberibus

240 452 314 485 aut
351 445 490 484 verbis
525 445 826 484 austerioribus
862 448 960 483 sunt
997 443 1269 495 corripiende.
1329 444 1566 484 Penitentie
1590 457 1776 496 namque

241 512 471 550 secundum
519 523 713 549 excessus
760 514 802 549 et
851 509 1003 548 merita
1050 509 1309 560 singularum
1358 515 1457 550 sunt
1506 510 1773 561 iniungende,

242 577 396 616 scilicet
439 581 486 615 ut
528 576 705 626 superbe
747 575 1034 621 humilientur,
1077 581 1119 615 et
1162 576 1195 615 si
1236 590 1402 615 necesse
1444 576 1583 622 fuerit,
1627 577 1775 616 ultime

241 643 429 682 omnium
462 642 804 681 constituantur:
839 654 1102 681 murmurose
1134 642 1176 680 in
1209 642 1376 682 silentio
1408 647 1634 693 ponantur,
1669 655 1776 693 vage

241 713 282 748 et
314 708 515 746 dissolute
546 707 588 745 in
620 708 804 746 claustro
835 711 1074 753 teneantur,
1108 708 1332 748 ambitiose
1363 708 1509 747 officiis
1539 708 1773 759 priventur,

240 774 382 824 gulose
404 773 568 811 ieiuniis
590 773 835 823 affligantur
857 777 900 812 et
922 773 1097 812 rebelles
1119 774 1303 813 acribus1
1326 774 1572 813 verberibus
1594 779 1670 813 aut
1692 774 1776 813 levi

241 840 364 890 culpa
394 840 637 890 puniantur,
671 839 831 878 curiose
861 843 903 878 et
934 839 1246 879 familiaritates
1276 840 1427 879 nimias
1457 840 1720 891 queritantes
1751 853 1776 879 a

241 905 457 956 colloquiis
484 910 526 944 et
554 905 724 943 licentia
751 905 932 944 exeundi
961 906 1214 944 omnimodis
1242 906 1528 952 abscidantur,
1559 911 1601 944 et
1630 918 1775 945 omnes

240 972 318 1010 alie
351 971 581 1009 secundum
612 971 787 1009 modum
819 975 860 1010 et
893 971 1093 1010 meritum
1125 985 1299 1022 operum
1331 977 1373 1011 et
1404 984 1571 1010 morum
1603 984 1777 1010 suorum

241 1037 547 1076 custodiantur.
608 1037 800 1075 Prelatus
857 1050 1025 1088 quoque
1081 1038 1323 1083 benevolus,
1383 1038 1456 1088 qui
1511 1050 1596 1076 non
1653 1050 1777 1076 suum

241 1103 510 1141 commodum
537 1103 608 1141 sed
635 1103 900 1141 solummodo
930 1103 1065 1154 (204a)
1095 1104 1276 1143 salutem
1303 1104 1541 1142 animarum
1568 1104 1706 1154 querit
1733 1107 1776 1143 et

240 1169 330 1207 Deo
358 1170 562 1207 veraciter
590 1169 752 1219 placere
780 1169 991 1209 desiderat
1019 1170 1074 1208 ad
1099 1170 1343 1220 religionem
1369 1174 1411 1209 et
1440 1169 1706 1220 disciplinam
1732 1169 1776 1208 in

240 1240 453 1273 conventu
497 1235 824 1281 reformandam,
872 1236 1144 1274 nutriendam
1190 1241 1232 1275 et
1279 1236 1614 1275 conservandam
1659 1235 1775 1274 nullo

239 1301 365 1339 modo
406 1301 566 1347 melius,
611 1306 658 1340 ut
700 1301 827 1340 michi
868 1301 1038 1341 videtur
1079 1302 1258 1354 proficit,
1303 1315 1432 1353 quam
1473 1306 1521 1340 ut
1562 1301 1776 1340 virtuosos

239 1367 563 1418 circumspectos
598 1372 640 1406 et
675 1367 900 1406 timoratos
934 1369 1113 1407 honoret
1148 1373 1190 1407 et
1227 1368 1387 1418 diligat,
1425 1372 1467 1406 et
1503 1380 1573 1406 eos
1608 1368 1663 1406 ad
1698 1380 1775 1406 sua

239 1433 410 1471 consilia
444 1446 606 1484 semper
641 1434 821 1473 advocet
857 1447 905 1472 ac
939 1434 1049 1473 circa
1083 1447 1125 1473 se
1159 1439 1317 1479 teneat,
1354 1440 1395 1473 et
1431 1446 1573 1472 secum
1607 1433 1774 1472 assidue

239 1500 379 1544 ducat,
418 1504 548 1550 atque
584 1499 626 1538 in
663 1500 808 1538 officiis
844 1500 929 1539 suis
964 1505 1005 1539 et
1043 1513 1167 1551 super
1203 1500 1346 1539 omnia
1381 1500 1494 1538 bona
1528 1499 1774 1538 monasterii

238 1566 429 1604 sublevet
453 1570 495 1605 et
520 1566 768 1612 constituat,
794 1579 925 1617 vagos
948 1571 1093 1605 autem
1117 1566 1420 1605 murmuriosos
1443 1570 1486 1604 et
1509 1565 1774 1604 inordinatos

237 1631 279 1669 in
312 1632 495 1670 claustro
527 1632 606 1670 sub
639 1632 860 1683 disciplina
892 1633 1040 1683 degere
1072 1633 1307 1684 permittat,
1343 1637 1385 1671 et
1418 1631 1452 1670 si
1484 1632 1562 1670 hoc
1594 1631 1773 1670 forsitan

237 1697 508 1747 impatienter
545 1698 686 1737 ferunt
725 1703 767 1737 et
805 1699 1062 1750 quandoque
1099 1699 1417 1750 perturbantur,
1457 1697 1634 1736 audiant
1673 1697 1774 1748 quia

238 1764 385 1802 melius
423 1769 485 1803 est
523 1769 571 1803 ut
609 1777 651 1803 se
690 1765 799 1803 solos
836 1765 1075 1810 corrodant,
1115 1778 1246 1816 quam
1283 1764 1411 1803 ceteri
1447 1776 1593 1802 eorum
1631 1763 1774 1815 pravis

237 1829 425 1868 moribus
461 1835 502 1869 et
540 1830 680 1869 verbis
716 1835 1055 1881 corrumpantur.
1116 1831 1315 1870 Similiter
1352 1843 1373 1869 e
1410 1830 1622 1869 contrario
1659 1830 1776 1868 nullo

238 1896 364 1934 modo
388 1896 512 1935 citius
534 1896 678 1946 religio
702 1902 743 1936 et
769 1897 990 1947 disciplina
1013 1897 1289 1936 confunditur
1313 1909 1443 1947 quam
1465 1900 1514 1934 ut
1538 1908 1709 1935 veraces
1732 1899 1774 1934 et

238 1962 466 2012 prudentes
482 1963 781 2013 despiciantur,
799 1968 841 2001 et
859 1963 1125 2002 blandientes
1141 1976 1190 2002 ac
1205 1963 1452 2014 insipientes
1467 1966 1773 2014 proponantur.

240 2029 467 2078 Propterea
492 2034 540 2068 ut
567 2029 734 2079 sapiens
760 2030 847 2074 fias,
876 2042 1040 2080 semper
1066 2029 1225 2068 solicite
1252 2029 1415 2068 devites
1441 2030 1529 2073 hec,
1558 2028 1670 2067 unde
1696 2027 1775 2066 alie

238 2094 388 2132 merito
431 2095 669 2146 culpantur,
715 2100 757 2134 et
801 2095 937 2134 facere
980 2095 1153 2134 studeas
1197 2096 1272 2134 hec
1315 2095 1427 2134 unde
1471 2099 1607 2134 cetere
1651 2093 1775 2144 digne

241 2160 481 2199 laudantur.

239 2287 306 2317 DE
332 2288 655 2319 REFECTORIO.
1297 2287 1586 2319 CAPITULUM
1608 2286 1771 2317 XLIIII.

295 2347 580 2386 Refectorium
609 2361 692 2386 non
721 2348 846 2386 nimis
873 2354 948 2387 aut
977 2348 1062 2387 cito
1090 2352 1166 2387 aut
1193 2348 1314 2386 tarde
1341 2346 1599 2398 ingrediaris,
1629 2351 1775 2385 tamen

240 2412 387 2451 melius
414 2418 476 2452 est
505 2419 551 2453 ut
581 2414 864 2464 presidentem
891 2414 1112 2465 prevenias
1140 2427 1270 2465 quam
1298 2414 1352 2452 ab
1379 2414 1470 2464 ipsa
1497 2411 1771 2463 preveniaris.

241 2478 389 2516 Coram
431 2485 472 2518 te
513 2480 639 2517 nichil
680 2493 870 2531 unquam
911 2481 1026 2531 quod
1066 2480 1296 2518 manduces
1337 2484 1568 2530 comporta,
1612 2478 1686 2516 sed
1726 2481 1774 2516 ut

240 2545 422 2583 sobriam
454 2552 495 2583 te
528 2546 738 2592 ostendas,
773 2546 852 2584 hiis
884 2559 965 2598 que
996 2546 1277 2585 communiter
1311 2546 1450 2597 (204b)
1485 2548 1772 2596 apponuntur,

240 2616 330 2648 esto
362 2616 575 2650 contenta.
635 2612 903 2651 Comedendo
933 2612 1063 2651 etiarn
1095 2612 1237 2651 oculos
1267 2625 1352 2650 non
1384 2611 1664 2654 circumferas,
1698 2621 1775 2647 nec

241 2677 507 2715 comedentes
547 2677 611 2715 vel
653 2678 872 2728 pitancias,
915 2691 1012 2717 cum
1051 2678 1176 2717 alicui
1215 2678 1475 2723 deferuntur,
1518 2675 1638 2727 quasi
1678 2688 1774 2713 con—

241 2741 444 2786 ducendo,
470 2743 666 2793 respicias
686 2756 692 2781 :
718 2744 793 2782 hec
817 2750 915 2783 sunt
939 2744 1094 2783 indicia
1115 2757 1248 2783 vacue
1271 2748 1313 2782 et
1336 2742 1546 2782 instabilis
1568 2741 1774 2787 monialis,

241 2814 370 2858 atque
401 2808 607 2858 pitancias
637 2810 864 2859 plurimum
894 2810 1148 2849 affectantis.
1209 2810 1271 2849 Sit
1301 2822 1469 2860 quoque
1499 2808 1612 2847 auris
1640 2806 1776 2856 magis

290 2911 299 2929 ¹
319 2912 381 2942 Mu.
405 2912 494 2944 acris
