2001 3250
70 1004 117 1032 10

67 1667 115 1695 20

66 2330 116 2368 30

68 2659 119 2700 35

613 256 688 296 ET
713 255 981 296 SUPERNA
1008 253 1352 294 MEDITANDI.
1678 265 1728 306 73

189 404 374 431 vacuum
397 394 583 436 sumant,
608 389 688 427 hoc
709 387 820 426 vicio
842 386 1109 426 infidelitatis
1130 400 1201 425 eos
1223 386 1445 426 consuevit
1467 386 1729 437 impugnare,

189 462 232 497 et
259 458 366 497 tales
391 455 665 496 austeritates
690 458 733 493 et
760 453 1004 504 disciplinas
1030 453 1188 492 ordinis
1214 453 1396 492 acidiose
1423 457 1465 491 et
1492 465 1590 490 cum
1616 452 1732 491 tedio

189 524 321 563 animi
345 522 552 563 sustinere
576 524 823 566 noscuntur,
850 524 894 559 et
919 519 1014 559 ideo
1040 519 1157 558 nulla
1182 519 1393 570 spirituali
1418 518 1639 557 dulcedine
1664 518 1733 557 vel

189 590 336 629 divina
366 587 655 628 consolatione
687 586 857 625 aliunde
889 586 1169 631 delectantur,
1204 586 1278 625 sed
1310 586 1396 625 suis
1425 584 1659 624 immundis
1689 588 1733 624 et

188 656 411 708 superfluis
435 653 767 706 cogitationibus
792 652 945 692 merito
970 653 1283 703 opprimuntur.
1342 652 1425 703 Qui
1450 651 1562 690 enim
1590 651 1730 702 (roob)

188 727 401 762 scrutator
438 726 502 761 est
539 719 789 766 maiestatis,
830 719 1094 770 opprimetur
1132 731 1157 757 a
1194 719 1338 769 gloria.
1398 718 1592 757 Octavo:
1633 717 1734 768 quia

188 793 352 840 quanto
387 788 482 840 quis
516 787 611 838 plus
645 786 804 825 talibus
838 785 1170 836 cogitationibus
1205 785 1332 824 fuerit
1367 785 1572 830 intentus,
1608 788 1736 823 tanto

186 855 322 906 magis
343 854 593 906 gravabitur
615 857 657 892 et
681 852 807 892 citius
829 851 1106 903 opprimetur,
1132 856 1306 902 propter
1328 850 1444 902 quod
1466 850 1616 889 statim
1638 863 1736 889 cum

186 922 333 961 adesse
355 921 612 966 sentiuntur,
637 924 848 970 tanquam
871 931 897 957 a
918 919 1091 969 vipereo
1113 922 1308 969 serpente
1331 917 1420 956 sive
1444 929 1469 955 a
1491 917 1737 956 vastissimo

185 988 281 1039 igne
300 1001 397 1027 cum
414 986 577 1037 ingenti
595 986 888 1036 indignatione
906 984 1038 1024 animi
1056 997 1126 1023 eas
1145 984 1370 1036 expuendo
1388 987 1452 1023 est
1471 983 1733 1034 fugiendum,

186 1059 229 1094 et
275 1054 331 1093 ad
375 1053 616 1093 doctrinam
661 1056 920 1097 sanctorum,
968 1051 1024 1090 ad
1069 1051 1310 1102 passionem
1356 1049 1511 1089 Christi
1556 1049 1736 1088 fideliter

184 1121 499 1160 recurrendum.
558 1119 711 1158 Nono:
747 1118 848 1170 quia
880 1116 1124 1169 quicunque
1157 1117 1329 1157 dubitat
1362 1116 1405 1155 in
1439 1117 1534 1162 fide,
1570 1128 1736 1167 semper

186 1187 314 1226 debet
341 1187 551 1226 saniorem
576 1190 744 1237 partem
770 1185 947 1235 eligere:
977 1184 1093 1235 quod
1119 1184 1192 1223 fiet
1219 1183 1254 1223 si
1280 1197 1322 1222 se
1349 1196 1447 1222 cum
1473 1182 1666 1234 pluribus
1692 1186 1734 1221 et

186 1253 452 1305 sapientibus
497 1253 659 1303 iungat,
709 1251 929 1303 pauciores
974 1264 1076 1290 vero
1123 1255 1165 1290 et
1212 1250 1460 1302 insipientes
1505 1249 1733 1300 relinquat.

186 1321 244 1360 Et
296 1324 409 1359 certe
461 1319 495 1358 si
547 1319 770 1369 diligenter
820 1317 1004 1356 voluerit
1056 1317 1276 1368 explorare
1327 1321 1369 1355 et
1421 1315 1637 1361 curiosius
1691 1315 1735 1353 in

185 1385 505 1438 comparatione
533 1385 660 1424 unius
689 1384 930 1423 dubitantis
957 1383 1027 1422 vel
1055 1383 1247 1429 infidelis,
1281 1382 1435 1433 viginti
1459 1385 1535 1420 aut
1559 1381 1737 1432 triginta

184 1453 253 1492 vel
288 1453 426 1492 multo
462 1452 603 1504 plures
639 1451 780 1490 Deum
815 1450 1036 1489 credentes
1071 1450 1230 1501 poterit
1265 1448 1469 1488 invenire.
1528 1448 1734 1487 Decimo:

185 1519 287 1571 quia
330 1531 487 1570 magna
529 1517 775 1569 insipientia
817 1530 906 1556 esse
951 1516 1232 1562 convincitur,
1278 1520 1327 1555 ut
1372 1515 1446 1567 qui
1490 1519 1735 1566 conceptus,

184 1590 325 1631 natus,
361 1585 552 1624 nutritus
584 1597 718 1636 usque
751 1583 807 1622 ad
840 1596 974 1622 annos
1007 1582 1273 1622 discretionis
1305 1582 1348 1621 in
1381 1582 1464 1621 fide
1498 1581 1740 1620 Christiana

184 1657 248 1692 est
278 1652 525 1704 productus,
553 1656 657 1690 tunc
686 1650 872 1702 primum
897 1650 1012 1689 intra
1041 1649 1318 1700 semetipsum
1346 1648 1535 1699 inquirat
1565 1648 1617 1687 de
1642 1647 1742 1686 fidei

184 1719 380 1765 veritate,
414 1723 458 1757 et
489 1718 532 1756 in
564 1717 647 1756 fide
679 1721 996 1756 antecessorum
1027 1721 1069 1755 et
1102 1720 1331 1767 parentum
1362 1728 1536 1754 suorum
1568 1714 1739 1753 dubitet

184 1797 444 1837 permanere.
505 1783 588 1836 Qui
615 1783 684 1822 vel
713 1796 794 1835 que
824 1783 922 1822 talis
951 1786 1027 1828 est,
1060 1782 1164 1821 dum
1194 1782 1245 1821 de
1276 1795 1352 1821 sua
1381 1782 1519 1820 salute
1549 1780 1736 1827 dubitat,

184 1865 331 1891 omnes
387 1855 674 1890 antecessores
730 1862 828 1888 suos
884 1862 960 1888 suo
1016 1849 1174 1888 iudicio
1231 1848 1457 1887 crudeliter
1513 1847 1736 1898 dampnat.

183 1918 448 1958 Undecimo:
491 1917 593 1969 quia
631 1916 822 1955 infideles
861 1928 1027 1966 semper
1065 1915 1198 1955 latere
1237 1915 1391 1954 volunt
1431 1918 1473 1953 et
1514 1926 1738 1965 nunquam

183 1984 404 2036 publicari,
435 1983 552 2035 quod
579 1982 747 2034 signum
775 1987 841 2022 est
867 1981 1033 2021 malicie
1061 1986 1105 2021 et
1132 1981 1389 2033 iniquitatis.
1448 1980 1552 2032 Quis
1581 1981 1605 1994 “
1625 1979 1740 2019 enim

184 2051 294 2090 male
317 2050 405 2102 agit
428 2050 520 2089 odit
541 2050 680 2089 lucem
702 2053 745 2089 et
768 2062 854 2088 non
876 2048 996 2087 venit
1020 2048 1076 2087 ad
1097 2049 1235 2087 lucem
1261 2048 1398 2099 (zooa)
1425 2060 1478 2086 ne
1501 2050 1737 2097 arguantur

185 2130 315 2169 opera
334 2117 488 2163 eius,”1
509 2116 653 2155 fideles
673 2129 775 2155 vero
797 2115 979 2166 diligunt
1000 2115 1139 2154 lucem
1159 2119 1202 2154 et
1223 2127 1309 2153 non
1330 2118 1532 2153 verentur
1552 2125 1559 2152 :
1583 2126 1668 2152 non
1690 2116 1740 2152 ut

184 2184 266 2236 ipsi
288 2184 339 2223 de
361 2183 484 2222 bonis
505 2183 716 2234 operibus,
741 2195 824 2233 que
844 2181 926 2233 ipsi
947 2185 1094 2232 agunt,
1120 2181 1174 2220 ab
1196 2180 1441 2220 hominibus
1462 2181 1738 2226 honorentur,

185 2250 260 2289 sed
277 2254 327 2289 ut
345 2250 542 2289 videntes
560 2262 610 2288 ea
627 2248 726 2287 inde
745 2248 983 2300 proficiant,
1005 2252 1047 2287 et
1067 2252 1190 2300 pater
1209 2260 1367 2294 eorum,
1390 2246 1463 2298 qui
1480 2246 1524 2285 in
1544 2245 1642 2285 celis
1660 2249 1737 2292 est,

184 2316 475 2368 glorificetur.2
531 2314 824 2355 Duodecimo:
868 2314 970 2366 quia
1010 2314 1100 2366 ipse
1141 2318 1346 2360 creature,
1391 2312 1550 2352 scilicet
1592 2312 1654 2351 sol
1695 2315 1738 2351 et

183 2383 287 2422 luna
308 2387 351 2422 et
375 2383 494 2422 stelle
517 2386 690 2421 noctem
712 2385 755 2420 et
779 2381 893 2420 diem
914 2381 1217 2427 illuminantes,
1244 2380 1414 2419 arbores
1438 2379 1585 2425 etiam,
1612 2382 1739 2430 prata

184 2453 228 2489 et
265 2454 406 2488 cetera
440 2448 636 2494 virentia,
675 2447 765 2499 ipse
801 2460 972 2499 quoque
1009 2460 1110 2487 aves
1146 2452 1189 2487 et
1227 2459 1373 2486 omnes
1410 2445 1492 2484 alie
1528 2449 1734 2491 creature,

186 2515 384 2567 operibus
414 2515 597 2554 clamare
627 2514 841 2561 videntur,
877 2514 1010 2565 “ipse
1041 2513 1143 2553 fecit
1173 2526 1263 2560 nos,
1296 2517 1339 2552 et
1369 2525 1455 2551 non
1486 2511 1568 2562 ipsi
1597 2510 1740 2550 nos.'’³

187 2582 230 2623 Si
282 2581 396 2621 enim
449 2594 492 2621 se
544 2581 742 2620 fecissent
795 2580 997 2619 libentius
1050 2593 1215 2631 semper
1267 2579 1310 2618 in
1365 2577 1563 2630 pulcriori
1617 2581 1737 2616 statu

186 2651 497 2700 permanerent,
539 2647 743 2699 quoniam
782 2647 1016 2686 secundum
1055 2646 1224 2685 diversa
1261 2650 1458 2696 tempora
1496 2643 1735 2690 crescendo,

186 2714 430 2760 minuendo,
441 2713 682 2761 arescendo,
700 2713 962 2760 renovando,
977 2713 1237 2752 florescendo
1251 2716 1294 2752 et
1308 2710 1561 2751 exsiccando
1575 2714 1741 2749 statum

235 2841 248 2860 1
263 2842 366 2874 Ioan.
390 2839 482 2871 11120.

234 2886 247 2905 ²
262 2887 371 2918 Matt.
393 2883 472 2915 vm:
497 2891 509 2914 Ι
532 2885 610 2916 Pet.
633 2882 707 2916 11²².

233 2931 247 2950 ³
261 2931 319 2963 Ps.
341 2926 469 2961 xerx‘.
