1934 3260
61 932 107 960 10

55 1597 104 1628 20

56 2268 102 2306 30

55 2598 104 2640 35

182 219 255 252 MS.
274 220 370 252 BIB.
401 221 510 253 MAZ.
543 221 638 273 984.
666 222 711 260 ff.
747 220 994 272 136b-224b.

236 312 376 365 (136b)
409 314 503 353 Hoc
534 314 786 365 opusculum
816 314 859 353 in
891 314 1083 366 pluribus
1114 316 1312 368 capitulis
1343 316 1521 356 distinxi
1551 321 1599 356 ut
1632 318 1721 363 hec,

179 403 262 442 que
302 390 346 429 in
389 390 566 430 diversis
606 391 708 430 locis
749 396 849 430 sunt
892 392 1044 443 posita,
1089 393 1216 432 citius
1257 398 1300 433 et
1343 394 1508 433 facilius
1549 395 1723 434 valeant

177 467 362 519 reperiri.
420 468 486 507 Tu
515 481 613 520 ergo
644 481 741 507 cum
772 468 933 520 aliquid
964 482 1110 509 eorum
1141 484 1223 522 que
1253 471 1296 510 in
1327 471 1420 522 ipso
1451 471 1724 511 continentur

178 545 362 584 volueris
403 546 570 592 habere,
615 546 758 597 capita
800 546 1085 597 capitulorum
1127 549 1368 600 subscripta
1409 562 1505 587 cum
1547 562 1724 588 numero

179 622 353 673 singulis
371 623 568 674 apposito
588 623 810 674 diligenter
828 636 1035 674 percurre,
1057 629 1099 664 et
1119 625 1178 664 sic
1197 626 1401 677 quicquid
1420 626 1499 664 tibi
1519 626 1726 677 placuerit

179 699 381 738 velociter
409 704 452 739 et
482 699 678 739 facillime
709 700 867 751 poteris
895 701 1097 741 invenire.

178 798 243 838 De
262 798 461 838 exteriori
481 800 754 838 conversione
898 831 908 841 .
1034 833 1043 842 .
1170 833 1179 843 .
1306 833 1315 842 .
1442 833 1451 843 .
1509 813 1523 840 I

177 864 242 905 De
263 865 531 917 quadruplici
551 879 654 917 pace
762 897 772 907 .
898 898 907 907 .
1034 899 1043 908 .
1170 900 1179 909 .
1306 900 1315 909 .
1442 900 1451 909 .
1509 880 1541 907 11

177 931 241 971 De
262 931 487 972 dilectione
506 932 775 972 inimicorum
898 964 907 974 .
1034 965 1043 975 .
1169 966 1179 976 .
1305 967 1315 976 .
1441 966 1451 975 .
1508 946 1559 973 111

177 998 242 1038 De
261 998 523 1051 quadrifaria
542 999 756 1039 locutione
776 998 856 1039 Dei
1032 1032 1042 1041 .
1168 1032 1178 1042 .
1304 1033 1313 1042 .
1440 1032 1449 1042 .
1507 1012 1575 1040 IIII

177 1063 241 1104 De
262 1065 530 1117 quadruplici
549 1065 711 1105 visione
897 1097 906 1106 .
1033 1099 1042 1108 .
1169 1099 1178 1108 .
1305 1099 1314 1108 .
1441 1099 1450 1108 .
1508 1079 1536 1106 V

177 1131 241 1171 De
261 1131 417 1183 triplici
438 1131 681 1172 obedientia
760 1163 771 1174 .
897 1164 906 1173 .
1032 1165 1042 1174 .
1168 1166 1178 1175 .
1304 1165 1314 1174 .
1440 1166 1449 1174 .
1507 1145 1551 1172 VI

176 1197 240 1237 De
262 1198 357 1237 visu
487 1229 498 1239 .
624 1229 634 1239 .
760 1230 769 1239 .
895 1231 905 1239 .
1031 1232 1041 1241 .
1167 1232 1177 1241 .
1303 1232 1312 1240 .
1439 1231 1449 1240 .
1506 1212 1569 1239 VII

176 1264 240 1303 De
260 1264 414 1304 auditu
487 1295 497 1305 .
623 1296 633 1306 .
759 1296 769 1306 .
895 1297 905 1306 .
1031 1298 1042 1307 .
1168 1298 1177 1307 .
1304 1298 1313 1307 .
1439 1298 1449 1307 .
1506 1278 1587 1305 vm

175 1330 240 1370 De
261 1331 422 1370 olfactu
487 1362 497 1372 .
623 1362 633 1372 .
759 1362 769 1372 .
894 1363 905 1373 .
1030 1364 1041 1374 .
1167 1364 1176 1374 .
1302 1364 1312 1373 .
1438 1364 1448 1373 .
1506 1344 1557 1371 IX

175 1397 239 1436 De
259 1397 485 1437 locacitate
622 1428 632 1439 .
758 1429 768 1439 .
894 1429 904 1439 .
1029 1430 1040 1440 .
1166 1430 1175 1440 .
1302 1430 1311 1440 .
1438 1430 1448 1440 .
1508 1410 1538 1437 X

175 1464 239 1503 De
259 1477 344 1503 non
364 1463 594 1503 iudicando
758 1495 768 1505 .
894 1495 904 1505 .
1030 1496 1040 1506 .
1166 1497 1175 1507 .
1302 1497 1311 1506 .
1438 1496 1447 1506 .
1508 1477 1555 1504 XI

174 1530 238 1569 De
259 1530 557 1570 taciturnitate
757 1561 767 1572 .
893 1562 903 1572 .
1029 1563 1039 1573 .
1165 1563 1174 1573 .
1301 1563 1311 1572 .
1437 1563 1446 1572 .
1508 1543 1573 1570 XII

174 1597 238 1636 De
257 1597 356 1648 gula
485 1628 495 1638 .
621 1628 631 1638 .
757 1629 767 1638 .
893 1629 903 1638 .
1028 1630 1038 1639 .
1164 1630 1174 1639 .
1300 1630 1310 1639 .
1437 1629 1446 1638 .
1508 1609 1590 1636 XIII

173 1664 237 1702 De
257 1663 426 1702 luxuria
485 1694 494 1704 .
620 1695 630 1704 .
757 1695 766 1705 .
893 1695 902 1705 .
1028 1696 1038 1706 .
1164 1696 1174 1706 .
1300 1695 1310 1706 .
1436 1695 1446 1705 .
1506 1675 1608 1703 XIIII

173 1730 236 1769 De
257 1734 380 1769 tactu
484 1760 494 1771 .
620 1761 630 1771 .
756 1761 766 1771 .
892 1761 902 1772 .
1028 1762 1038 1772 .
1163 1762 1173 1773 .
1300 1762 1310 1771 .
1435 1760 1446 1772 .
1506 1742 1567 1769 XV

175 1796 311 1849 (137a)
335 1796 399 1836 De
419 1796 571 1835 habitu
592 1797 778 1848 corporis
1026 1829 1036 1839 .
1162 1829 1172 1839 .
1298 1828 1308 1838 .
1433 1828 1444 1838 .
1504 1808 1581 1836 XVI

171 1862 235 1902 De
255 1863 451 1903 custodia
471 1862 608 1902 cordis
755 1895 764 1904 .
890 1894 900 1904 .
1026 1895 1036 1905 .
1162 1895 1171 1905 .
1298 1895 1307 1904 .
1433 1893 1444 1905 .
1504 1875 1600 1902 XVII

171 1930 235 1969 De
256 1929 455 1981 superbia
618 1960 629 1971 .
754 1961 764 1971 .
890 1960 900 1971 .
1026 1962 1036 1972 .
1162 1962 1171 1972 .
1297 1961 1307 1971 .
1433 1960 1443 1971 .
1504 1940 1618 1969 XVIII

172 1996 235 2035 De
255 2009 370 2036 vana
388 1995 521 2047 gloria
618 2026 628 2037 .
754 2027 764 2037 .
890 2027 900 2037 .
1026 2028 1036 2038 .
1162 2028 1172 2038 .
1297 2028 1307 2037 .
1433 2027 1443 2037 .
1503 2007 1588 2035 XIX

172 2061 236 2102 De
255 2062 418 2102 invidia
618 2093 628 2103 .
754 2093 764 2104 .
889 2093 900 2104 .
1025 2094 1036 2105 .
1161 2095 1172 2104 .
1298 2094 1307 2103 .
1434 2093 1443 2103 .
1504 2074 1571 2102 XX

171 2128 235 2168 De
256 2129 490 2169 ambitione
617 2159 629 2170 .
753 2160 764 2170 .
890 2160 900 2170 .
1026 2161 1036 2171 .
1162 2161 1172 2171 .
1298 2160 1308 2170 .
1433 2160 1443 2169 .
1504 2140 1588 2168 XXI

172 2195 236 2235 De
256 2195 442 2235 avaricia
618 2226 628 2237 .
754 2226 764 2236 .
889 2226 900 2236 .
1025 2228 1036 2238 .
1161 2227 1172 2237 .
1297 2227 1307 2236 .
1433 2226 1443 2236 .
1503 2206 1605 2234 XXII

172 2262 235 2301 De
255 2262 318 2301 ira
481 2291 492 2303 .
617 2292 628 2303 .
753 2292 764 2304 .
889 2293 900 2303 .
1025 2294 1035 2304 .
1161 2294 1171 2304 .
1297 2293 1307 2303 .
1433 2292 1443 2302 .
1503 2273 1623 2301 XXIII

172 2329 236 2368 De
257 2328 354 2368 odio
481 2358 492 2369 .
617 2359 628 2370 .
752 2359 764 2370 .
888 2359 899 2370 .
1025 2360 1035 2371 .
1160 2360 1171 2371 .
1296 2359 1306 2369 .
1432 2359 1442 2369 .
1503 2339 1641 2367 XXIIII

171 2394 236 2435 De
255 2394 436 2435 tristicia
482 2425 493 2435 .
617 2425 628 2436 .
753 2426 764 2436 .
888 2425 899 2436 .
1024 2427 1035 2437 .
1160 2427 1171 2437 .
1296 2425 1307 2436 .
1432 2425 1442 2435 .
1503 2406 1600 2435 XXV

171 2462 235 2502 De
256 2461 393 2501 acidia
481 2492 492 2502 .
616 2493 627 2503 .
752 2493 763 2503 .
888 2493 898 2502 .
1024 2494 1035 2504 .
1159 2493 1170 2504 .
1296 2492 1306 2502 .
1431 2492 1442 2502 .
1502 2472 1615 2500 XXVI

171 2529 235 2568 De
255 2527 550 2580 desperatione
617 2559 627 2569 .
752 2559 763 2569 .
888 2559 898 2569 .
1159 2560 1169 2569 .
1295 2559 1304 2568 .
1431 2558 1440 2567 .
1501 2538 1633 2566 XXVII

171 2596 235 2635 De
254 2594 478 2633 blasfemia
496 2598 539 2633 et
560 2594 611 2634 de
632 2595 990 2646 prefigurantibus
1010 2560 1225 2635 Christum
1296 2625 1306 2635 .
1432 2624 1441 2634 .
1502 2604 1652 2632 XXVIII

172 2663 236 2702 De
256 2660 465 2713 propheti
456 2673 490 2699 Is
510 2660 562 2699 de
582 2660 749 2700 Christo
889 2691 900 2701 .
1025 2693 1035 2702 .
1161 2693 1171 2702 .
1297 2691 1306 2701 .
1433 2691 1443 2700 .
1503 2671 1623 2698 XX1X

173 2729 236 2768 De
256 2727 439 2767 testibus
460 2727 614 2767 Christi
754 2758 765 2769 .
890 2758 901 2768 .
1026 2759 1036 2769 .
1162 2759 1171 2768 .
1298 2757 1308 2767 .
1433 2757 1443 2766 .
1503 2737 1606 2764 XXX

173 2797 237 2835 De
257 2793 398 2833 Verbis
418 2793 573 2833 Christi
619 2824 630 2835 .
754 2824 766 2835 .
891 2824 901 2834 .
1026 2825 1037 2835 .
1162 2825 1172 2835 .
1298 2823 1308 2834 .
1434 2823 1444 2832 .
1504 2803 1624 2831 XXXI
