2001 3250
100 1011 148 1039 10

94 1706 144 1735 20

95 2035 145 2076 25

95 2369 146 2407 30

620 270 694 309 ET
720 269 988 310 SUPERNA
1014 268 1358 310 MEDITANDI.
1709 281 1761 323 75

216 402 447 448 divinitati,
514 406 678 453 septem
741 401 912 440 ecclesie
975 401 1264 447 sacramentis
1331 401 1450 453 penis
1513 402 1760 452 purgatorii,

215 468 513 507 resurrectioni
565 467 714 514 carnis,
771 467 854 506 diei
907 467 1063 513 iudicii,
1120 467 1346 507 tormentis
1398 467 1563 513 inferni,
1620 472 1763 508 eterne

218 534 414 574 felicitati
451 539 494 574 et
532 534 837 573 assertionibus
874 534 1139 573 manifestis:
1179 533 1335 573 idcirco
1373 538 1520 573 autem
1557 534 1634 572 hec
1671 539 1763 574 tam

218 614 383 640 morose
420 605 462 640 et
500 600 782 639 diversimode
819 613 868 639 ac
905 600 1098 651 pluribus
1132 600 1372 639 rationibus
1408 600 1463 639 ad
1500 600 1764 639 obviandum

219 666 387 719 spiritui
437 667 677 718 blaphemie
726 666 926 713 tractavi,
979 666 1080 718 quia
1130 667 1307 705 humani
1356 666 1518 717 generis
1568 666 1764 706 inimicus

217 733 445 772 nonnullos
469 733 612 772 fideles
636 733 783 772 multis
807 737 849 772 et
875 732 1053 772 diversis
1076 732 1214 771 modis
1238 746 1291 772 ex
1315 746 1364 772 eo
1389 732 1529 784 sepius
1553 736 1767 784 temptare

218 799 453 846 consuevit,
490 803 532 839 et
566 799 698 839 etiarn
731 803 780 838 ut
814 799 866 838 de
900 799 1098 838 omnibus
1132 799 1321 838 articulis
1355 799 1437 838 fide
1470 799 1690 838 credendis
1722 799 1765 838 in

217 866 417 905 cordibus
440 865 628 905 fidelium
651 865 793 904 nullus
816 865 989 904 omnino
1013 865 1236 917 scrupulus
1257 870 1478 905 remaneat
1502 865 1737 905 dubietatis
1757 878 1764 905 :

217 932 252 971 si
285 945 383 983 ergo
418 932 611 983 predicta
644 932 821 972 firmiter
855 932 1065 971 credendo
1099 944 1246 971 sensus
1279 936 1378 971 tuos
1412 936 1503 971 tam
1536 932 1768 971 exteriores

216 1011 348 1050 quam
372 998 604 1045 interiores,
632 999 742 1038 sicut
767 998 984 1050 prefatum
1009 1002 1085 1045 est,
1113 998 1281 1037 assidue
1306 1002 1349 1038 et
1374 998 1536 1037 solicite
1561 998 1763 1045 custodis,

215 1078 383 1104 necesse
419 1069 483 1104 est
518 1065 650 1104 etiam
685 1064 766 1104 tibi
799 1069 848 1104 ut
885 1069 1010 1104 caute
1045 1068 1087 1104 et
1124 1065 1356 1116 prudenter
1390 1065 1686 1116 apprehendas
1721 1068 1764 1104 et

215 1131 417 1171 attendas
446 1131 605 1183 ubique
634 1136 676 1171 et
706 1131 749 1170 in
779 1131 978 1170 omnibus
1005 1130 1108 1170 locis
1137 1135 1185 1170 ut
1216 1144 1289 1182 per
1318 1132 1398 1170 hoc
1427 1144 1571 1170 coram
1600 1130 1692 1170 Deo
1721 1135 1764 1170 et

214 1197 460 1237 hominibus
487 1203 610 1249 grata
638 1202 680 1237 et
709 1198 899 1249 perfecta
925 1197 1168 1237 inveniaris.

215 1303 283 1334 DE
305 1303 576 1335 ORATORIO.
1347 1303 1639 1334 CAPITULUM
1661 1303 1761 1334 XLI.

269 1363 516 1402 Oratorium
550 1363 680 1413 igitur
713 1363 912 1414 ingressa,
950 1376 1172 1414 nunquam
1207 1363 1266 1401 ibi
1301 1363 1356 1402 sis
1391 1363 1543 1409 ociosa,
1580 1363 1655 1402 sed
1689 1366 1766 1401 aut

214 1442 318 1475 ores,
364 1433 440 1468 aut
484 1429 701 1468 mediteris
743 1429 812 1468 vel
855 1429 1023 1480 psallas.
1084 1429 1219 1468 Psalle
1262 1429 1409 1481 itaque
1454 1442 1556 1480 pure
1600 1442 1766 1480 semper

213 1508 263 1534 ac
295 1500 493 1535 strenue:
528 1496 717 1535 strenue1
750 1495 935 1547 quidem,
962 1500 1011 1535 ut
1044 1495 1154 1535 sicut
1185 1500 1428 1535 reverenter
1454 1496 1594 1547 (201b)
1629 1495 1691 1534 ita
1723 1499 1767 1534 et

213 1562 409 1601 alacriter
432 1563 523 1601 Deo
546 1561 721 1601 assistas
741 1574 747 1601 :
774 1575 859 1601 non
883 1562 1014 1614 pigra,
1040 1575 1126 1601 non
1150 1562 1430 1609 somnolenta,
1455 1575 1541 1601 non
1565 1562 1764 1608 oscitans,

212 1641 298 1667 non
336 1641 513 1680 parcens
549 1629 657 1675 voci,
697 1642 782 1667 non
820 1628 1041 1680 precidens
1077 1629 1210 1668 verba
1247 1628 1436 1675 dimidia,
1476 1641 1562 1667 non
1600 1628 1767 1679 integra

210 1695 465 1742 transiliens
499 1708 585 1734 non
618 1695 757 1734 fracta
788 1699 831 1734 et
863 1695 1039 1734 remissa
1070 1708 1175 1734 voce
1207 1695 1404 1734 muliebri
1435 1694 1683 1746 quoddam2
1715 1694 1768 1734 de

211 1774 313 1800 nare
346 1774 514 1808 sonans,
551 1762 625 1800 sed
657 1761 836 1800 viriliter
869 1766 918 1801 ut
952 1762 1129 1813 dignum
1162 1765 1239 1808 est,
1275 1766 1318 1801 et
1352 1761 1496 1800 sonitu
1529 1765 1572 1800 et
1607 1762 1767 1800 affectu

211 1841 338 1867 voces
369 1828 507 1867 sancti
538 1827 713 1879 spiritus
744 1827 1024 1879 depromens:
1059 1841 1163 1879 pure
1194 1841 1308 1875 vero,
1342 1832 1392 1867 ut
1423 1827 1484 1866 nil
1514 1827 1631 1866 aliud
1662 1827 1767 1866 dum

213 1894 357 1946 psallis
399 1907 531 1945 quam
573 1894 690 1945 quod
732 1894 876 1946 psallis
919 1894 1078 1945 cogites
1119 1907 1229 1933 :nec
1272 1894 1382 1933 solas
1425 1894 1522 1933 dico
1564 1893 1767 1932 vitandas

213 1960 493 2011 cogitationes
536 1973 672 1999 vanas
715 1965 758 2000 et
803 1961 977 2007 ociosas,
1023 1960 1201 2000 vitande
1245 1965 1346 2000 sunt
1390 1960 1521 1999 etiam
1565 1960 1647 2007 ille,
1694 1960 1766 1998 illa

213 2027 444 2066 dumtaxat
473 2027 578 2066 hora
606 2031 648 2066 et
677 2027 748 2066 illo
777 2027 881 2074 loco,
913 2040 1020 2078 quas
1048 2027 1247 2067 officiales
1275 2040 1352 2079 pro
1380 2026 1597 2066 communi
1624 2039 1765 2066 neces-

214 2094 342 2133 sitate
374 2093 497 2145 quasi
527 2093 762 2133 necessario
794 2094 1039 2145 frequenter
1070 2093 1300 2133 admittere
1331 2093 1656 2145 compelluntur,
1691 2092 1766 2131 sed

213 2173 266 2199 ne
298 2160 371 2199 illa
402 2160 576 2211 quidem
608 2160 800 2212 profecto
832 2165 936 2199 tunc
967 2160 1151 2212 recipere
1184 2160 1504 2199 consueverim:
1540 2172 1622 2211 que
1655 2159 1766 2198 forte

214 2227 343 2278 paulo
367 2231 468 2265 ante
491 2226 535 2265 in
560 2226 747 2265 claustro
771 2226 920 2266 sedens
944 2226 987 2265 in
1013 2226 1229 2266 codicibus
1252 2227 1412 2277 legeras
1437 2225 1623 2265 salubria
1647 2229 1762 2272 sunt,

214 2293 289 2332 sed
319 2292 493 2331 minime
524 2292 596 2331 illa
627 2292 853 2332 salubriter
884 2293 995 2332 inter
1027 2292 1295 2344 psallendum
1325 2292 1522 2332 revolvis.
1582 2291 1766 2343 Spiritus

214 2359 328 2398 enim
355 2363 529 2398 sanctus
554 2359 627 2398 illa
653 2359 758 2398 hora
784 2363 955 2410 gratum
982 2372 1068 2398 non
1094 2359 1244 2410 recipit
1273 2359 1477 2410 quicquid
1505 2358 1621 2397 aliud
1648 2357 1765 2409 quod

215 2426 355 2472 debes,
387 2425 580 2476 neglecto
609 2438 658 2464 eo
689 2426 805 2477 quod
834 2426 962 2465 debes
991 2425 1208 2465 obtuleris.
1267 2425 1365 2464 Non
1395 2425 1527 2464 etiam
1555 2424 1615 2463 ibi
1644 2424 1766 2475 signa

215 2492 359 2538 facias,
389 2504 475 2530 non
502 2491 652 2538 rideas,
683 2505 768 2531 non
797 2492 940 2531 oculos
968 2492 1251 2538 circumferas,
1282 2492 1355 2531 sed
1382 2496 1593 2542 tanquam
1621 2503 1765 2529 coram

216 2558 307 2597 Deo
337 2562 380 2597 et
411 2558 571 2609 angelis
601 2557 690 2597 eius
720 2558 933 2605 assistens,
966 2562 1134 2597 mature
1164 2562 1207 2597 et
1239 2558 1542 2609 circumspecte
1573 2561 1616 2596 te
1647 2569 1760 2607 agas

218 2624 438 2663 Libenter³
503 2637 674 2676 quoque
740 2624 1020 2663 sacrosanctis
1085 2624 1284 2663 misteriis
1350 2623 1536 2674 singulis,
1605 2622 1764 2662 scilicet

268 2717 281 2737 1
296 2719 403 2750 Bern.
426 2718 538 2749 Serm.
557 2719 595 2750 in
613 2718 719 2750 Cant.
742 2718 881 2755 XLV118,
900 2719 1023 2759 Migne
1041 2719 1127 2750 P.L.
1147 2717 1411 2750 CLXXXI111⁰11.
1462 2718 1548 2749 This
1567 2717 1765 2758 quotation

217 2763 410 2796 continues
428 2765 537 2795 down
575 2765 615 2795 to
646 2764 823 2795 obtuleris
851 2764 935 2804 (line
962 2763 1020 2804 31)
1044 2765 1113 2796 but
1140 2763 1305 2795 Bernard
1330 2773 1412 2795 uses
1437 2764 1501 2794 the
1528 2763 1601 2793 2nd
1622 2762 1670 2803 pl.
1698 2764 1764 2792 not

218 2808 537 2891 2ngifigtacslulgelred
563 2875 570 2882 .
600 2876 606 2882 .
636 2875 643 2883 .
672 2876 679 2883 .
708 2851 823 2882 blank
847 2861 957 2892 space
983 2853 1023 2883 to
1050 2851 1122 2882 end
1149 2851 1188 2883 of
1213 2851 1286 2882 line
1311 2851 1496 2883 sufficient
1522 2852 1563 2882 to
1590 2848 1742 2881 contain

216 2895 300 2927 four
319 2905 361 2927 or
382 2895 453 2926 five
474 2896 612 2927 letters.

265 2939 278 2958 ³
293 2939 401 2971 Cone.
423 2939 505 2970 Lat.
528 2947 569 2969 IV
590 2943 661 2979 (an.
690 2939 789 2980 1215)
814 2937 830 2980 §
853 2946 938 2976 XXI,
960 2939 1215 2970 Denz.-Bann.
1236 2937 1252 2979 §
1278 2939 1352 2970 194.
