2001 3250
113 994 158 1021 10

233 270 306 298 102
625 260 966 301 INSTRUCTIO
992 262 1085 299 PIE
1110 261 1350 300 VIVENDI

284 390 325 429 Si
370 391 546 429 honores
590 391 847 441 prelatorum
891 391 1189 437 desideramus,
1234 392 1397 431 labores
1440 390 1762 437 consideremus,

230 469 336 506 quos
353 456 385 493 si
403 456 744 505 cognovissemus
763 457 902 508 (224b)
923 458 1100 496 honores
1117 472 1199 496 non
1218 462 1525 509 appeteremus.
1585 456 1765 506 Quidem

230 522 461 560 monachus
515 522 832 561 Clarevallensis
883 524 1041 562 electus
1093 524 1173 563 fuit
1225 524 1266 562 in
1320 524 1625 575 episcopatum,
1680 535 1765 573 quo

229 592 430 626 renuente
455 588 675 638 suscipere,
703 602 778 627 nec
803 589 857 627 ad
881 589 1104 640 imperium
1128 589 1309 635 abbatis
1338 603 1412 628 nec
1437 589 1491 627 ad
1517 592 1764 639 preceptum

229 653 383 691 summi
415 653 626 704 pontificis
657 654 792 693 voluit
825 660 1057 706 acceptare.
1116 655 1211 694 Non
1245 656 1380 694 multo
1412 660 1507 706 post
1539 654 1766 693 defunctus

228 718 397 757 cuidam
429 719 625 758 familiari
657 733 732 759 suo
763 721 990 771 apparuit:
1024 721 1251 772 requisitus
1283 722 1333 760 de
1361 720 1648 760 inobedientia
1679 720 1762 766 illa,

229 785 261 822 si
300 785 337 823 ei
376 785 598 831 nocuisset,
639 787 856 837 respondit
899 787 1070 833 “non‚’¹
1110 792 1152 826 et
1192 788 1313 834 dixit,
1357 787 1433 825 “si
1471 787 1765 838 episcopatum

228 851 514 902 suscepissem,
534 852 776 891 eternaliter
793 853 1053 903 dampnatus
1069 854 1246 898 essem,'’
1266 853 1570 903 subiunxitque
1587 852 1765 890 verbum

228 917 426 963 terribile,
459 918 556 956 “ad
585 919 663 956 hoc
692 918 775 956 iam
805 919 975 957 devenit
1005 923 1144 958 status
1171 920 1340 958 ecclesie
1369 924 1417 958 ut
1445 932 1528 957 non
1556 919 1610 957 sit
1639 918 1766 968 digna

229 983 313 1033 regi
338 996 362 1021 a
384 983 574 1034 reprobis
598 984 834 1035 prelatis.''l

282 1115 557 1164 Augustinus.
618 1115 734 1155 Sicut
770 1129 853 1154 non
888 1116 1031 1155 inveni
1065 1116 1256 1155 meliores
1290 1117 1370 1155 illis
1405 1116 1478 1167 qui
1509 1115 1766 1154 monasterio

230 1181 505 1231 perfecerunt,
558 1182 616 1220 sic
665 1195 749 1220 non
799 1182 943 1221 inveni
991 1182 1218 1221 deteriores
1262 1183 1342 1222 illis
1386 1182 1459 1234 qui
1507 1182 1766 1220 monasterio

228 1246 507 1286 defecerunt.2

282 1379 528 1417 Ieronimus.
589 1380 630 1419 Si
660 1380 805 1419 videas
834 1381 1090 1419 monachum
1120 1382 1186 1419 vel
1216 1382 1478 1420 sacerdotem
1509 1381 1559 1419 de
1590 1380 1765 1418 minimo

227 1444 532 1495 disputantem,
576 1451 853 1484 mercatorem
895 1447 1037 1497 potius
1078 1460 1207 1498 quam
1248 1448 1504 1486 monachum
1544 1446 1765 1497 intellige.3

228 1511 427 1561 Explicit.
486 1511 685 1562 Explicit.
745 1513 836 1551 Deo
863 1513 1044 1551 Gratias.

282 1643 368 1681 Iste
390 1642 494 1682 liber
515 1648 578 1682 est
603 1644 748 1683 Sancti
770 1644 953 1683 Victoris
976 1644 1233 1691 Parisiensis,
1259 1645 1500 1696 quicunque
1522 1657 1632 1690 eum,
1657 1649 1737 1683 etc.

276 1725 287 1743 ¹
304 1727 380 1757 Pet.
401 1726 519 1761 Cant.,
539 1727 647 1758 Verb.
670 1728 763 1758 Abb.
785 1735 858 1763 LIV,
887 1728 1018 1768 Migne,
1046 1728 1130 1758 P.L.
1158 1727 1289 1760 ccvles.
1355 1729 1430 1759 The
1448 1731 1552 1769 story
1569 1729 1598 1759 is
1617 1729 1695 1760 told
1714 1729 1753 1760 of

227 1771 385 1801 Geoffroi
398 1772 442 1801 de
458 1771 633 1807 Perenne,
652 1772 754 1803 Prior
768 1773 806 1803 of
819 1772 1019 1803 Clairvaux
1036 1774 1117 1804 who
1131 1782 1205 1804 was
1220 1774 1359 1805 elected
1374 1773 1512 1813 Bishop
1527 1773 1565 1803 of
1578 1773 1753 1814 Tournay

227 1816 298 1845 and
321 1816 433 1853 urged
455 1816 505 1855 by
527 1815 577 1846 St.
603 1816 767 1847 Bernard
788 1817 861 1847 and
884 1817 1069 1856 Eugenius
1092 1817 1149 1847 III
1171 1820 1210 1849 ‘co
1232 1820 1361 1858 accept
1381 1818 1444 1848 the
1465 1817 1636 1857 position.

274 1857 286 1875 ²
303 1859 393 1897 Aug.
413 1859 529 1899 Epist.
547 1860 646 1891 Class
664 1868 691 1889 11
709 1860 776 1892 No.
795 1859 983 1900 LXXV111§
1002 1861 1031 1896 9,
1052 1861 1182 1900 Migne,
1203 1862 1286 1892 P.L.
1308 1859 1503 1891 XXX111272.

274 1901 287 1920 ³
302 1902 401 1933 Hier.
426 1903 543 1944 Epist.
566 1912 659 1934 LVIII
677 1903 694 1945 ἓ
715 1905 746 1939 6,
771 1905 903 1944 Migne,
924 1905 1008 1935 P.L.
1032 1904 1181 1936 xxn584.
