1934 3260
135 999 183 1028 10

135 1659 186 1688 20

137 2317 187 2355 30

260 264 285 303 6
636 262 695 301 IN
702 262 977 302 STRUCTIO
1016 263 1111 301 PIE
1148 263 1392 302 VIVENDI

254 396 384 435 etiam
421 393 611 446 predicta
647 393 803 431 faceres
839 393 967 432 nichil
1003 394 1235 444 proficeres.
1293 393 1511 434 Secundo:
1551 397 1600 432 ut
1637 405 1778 433 secure

254 461 388 500 dicere
438 460 583 511 possis,
610 460 633 473 “
680 459 848 497 dimitte
896 459 1018 498 nobis
1066 459 1211 498 debita
1259 465 1405 499 nostra
1453 460 1561 499 sicut
1610 463 1653 498 et
1702 473 1778 499 nos

252 527 507 565 dimittimus
552 524 814 563 debitoribus
858 525 1084 564 nostris.''1
1140 526 1182 565 Si
1227 538 1324 575 ergo
1369 526 1492 576 digne
1537 525 1601 564 vis
1646 539 1776 572 orare,

252 593 413 631 nullam
437 604 510 643 per
535 595 577 630 te
602 590 670 629 vel
695 603 767 641 per
795 590 930 642 (143a)
958 590 1088 629 alium
1113 591 1270 630 habeas
1294 592 1473 630 nocendi
1496 592 1776 638 voluntatem,

252 671 328 697 nec
352 658 535 708 aliquem
557 656 600 695 in
623 656 748 695 corde
770 668 1000 703 rancorem,
1024 669 1077 696 ne
1099 657 1251 696 merito
1274 658 1353 696 tibi
1376 657 1609 708 sapientem
1633 658 1780 697 audias

251 724 622 775 improperantem,
660 723 830 760 “homo
862 722 1023 761 homini
1055 727 1196 762 servat
1229 723 1347 770 iram,
1383 728 1425 762 et
1460 736 1485 762 a
1517 723 1608 762 Deo
1642 724 1780 775 querit

251 789 533 829 medelam.”2
589 788 632 828 Si
667 788 780 827 enim
816 788 1045 840 prudenter
1081 789 1319 828 consideras
1356 789 1459 840 quid
1495 789 1639 828 feceris
1675 790 1778 836 Deo,

251 868 473 907 nunquam
500 855 689 906 profecto
717 854 912 893 attendes
939 854 1042 905 quid
1068 855 1148 894 tibi
1174 855 1304 894 faciat
1330 856 1470 895 homo.
1528 856 1646 894 Dura
1672 856 1780 894 forte

252 927 295 961 et
321 922 467 973 gravia
492 921 568 960 hec
594 920 674 960 tibi
698 920 910 967 videntur,
938 921 1012 960 sed
1037 921 1236 960 amabilia
1261 934 1349 960 esse
1376 921 1531 960 debent
1558 926 1600 961 et
1627 921 1777 968 dulcia,

252 988 353 1039 quia
373 1000 446 1039 per
466 1000 516 1026 ea
535 987 671 1025 multo
693 986 863 1025 duriora
882 990 925 1026 et
944 987 1138 1037 graviora
1158 987 1238 1026 tibi
1258 988 1547 1027 dimittuntur.
1606 988 1750 1026 Tercio
1771 1000 1777 1026 :

251 1058 299 1093 ut
332 1053 522 1092 inimicos
554 1057 597 1091 et
628 1052 921 1092 malefactores
952 1057 1050 1092 tuos
1082 1053 1136 1092 ad
1168 1053 1273 1092 bene
1306 1053 1547 1092 faciendum
1579 1066 1781 1105 provoces

251 1124 411 1159 ceteros
448 1119 672 1169 diligendo.
730 1119 842 1157 Hinc
879 1119 1097 1169 apostolus
1134 1119 1206 1165 ait,
1249 1121 1271 1133 ‘¹
1292 1120 1325 1158 si
1362 1120 1551 1158 esurierit
1588 1120 1782 1158 inimicus

250 1190 362 1232 tuus,
382 1185 476 1224 ciba
491 1185 622 1230 illum,
641 1188 683 1223 et
699 1184 733 1223 si
749 1184 839 1224 sitit
856 1189 1007 1235 potum
1023 1185 1078 1223 da
1093 1185 1151 1223 illi
1161 1198 1168 1231 ;
1187 1186 1263 1224 hec
1279 1186 1390 1224 enim
1406 1186 1563 1224 faciens
1578 1186 1781 1224 carbones

250 1252 357 1302 ignis
377 1263 574 1301 congeres
595 1263 719 1302 super
739 1255 869 1301 caput
891 1251 1021 1290 eius.”
1035 1251 1051 1275 ³
1070 1251 1114 1289 id
1135 1256 1198 1290 est
1220 1252 1275 1290 ad
1296 1252 1518 1291 caritatem
1539 1251 1780 1290 habendam

251 1318 337 1357 tuis
367 1317 563 1368 operibus
594 1316 859 1363 accendetur,
893 1321 934 1356 et
967 1318 991 1331 “
1010 1317 1096 1355 noli
1125 1318 1238 1356 vinci
1269 1331 1294 1356 a
1325 1318 1448 1364 malo,
1482 1318 1555 1357 sed
1585 1318 1706 1356 vince
1736 1317 1780 1356 in

253 1384 365 1422 bono
403 1383 638 1422 malum.'’4
691 1383 842 1422 Nobile
882 1383 994 1422 enim
1032 1383 1229 1422 vincendi
1268 1397 1398 1434 genus
1438 1388 1501 1423 est
1541 1383 1778 1435 pacientia:

253 1449 386 1488 vincit
412 1449 484 1500 qui
508 1448 683 1500 patitur.
743 1448 785 1489 Si
808 1448 873 1487 vis
896 1449 1074 1495 vincere,
1102 1449 1213 1488 disce
1238 1450 1340 1500 pati.
1398 1451 1463 1489 Tu
1487 1463 1583 1500 ergo
1608 1454 1784 1500 accepta

253 1515 417 1562 iniuria,
442 1528 527 1553 non
551 1514 750 1554 continue
773 1528 888 1554 more
911 1515 1107 1554 secularis
1131 1515 1303 1566 obliqua
1325 1516 1490 1555 referire
1513 1516 1783 1567 responsione

255 1582 438 1628 festines,
477 1581 551 1620 sed
586 1594 722 1632 neque
759 1581 838 1619 sub
874 1581 1010 1632 specie
1047 1582 1168 1632 quasi
1203 1582 1453 1633 corripiendi
1489 1582 1619 1621 verbo
1656 1586 1783 1621 acuto

254 1648 498 1698 transfigere
526 1647 683 1686 audeas
710 1647 896 1686 animam
923 1660 999 1698 pro
1026 1660 1112 1698 qua
1139 1648 1328 1687 Christus
1355 1648 1554 1699 dignatus
1580 1653 1643 1687 est
1671 1647 1784 1686 cruci

255 1714 380 1764 affigi.
436 1713 533 1752 Non
556 1713 722 1764 grunire
745 1713 872 1752 debes
895 1713 1016 1764 quasi
1037 1713 1305 1765 increpando,
1331 1727 1415 1753 non
1438 1714 1559 1752 labiis
1581 1714 1784 1752 musitare

255 1780 376 1831 quasi
399 1779 715 1826 murmurando,
742 1792 827 1817 non
851 1792 996 1818 narem
1020 1781 1185 1819 trahere
1210 1786 1284 1819 aut
1309 1780 1785 1831 cachi—(143b)-—nare

255 1846 377 1897 quasi
410 1845 723 1891 subsannando,
760 1858 845 1884 non
880 1846 1063 1885 frontem
1097 1859 1245 1897 rugare
1281 1847 1402 1897 quasi
1435 1846 1673 1885 invehendo
1709 1850 1783 1884 aut

255 1911 565 1957 comminando,
585 1911 658 1950 sed
675 1911 903 1950 commotio
920 1916 996 1950 tua
1012 1912 1070 1950 ibi
1086 1913 1291 1952 moriatur
1308 1912 1381 1951 ubi
1398 1913 1542 1951 oritur.
1592 1912 1754 1962 Quarto
1774 1924 1780 1950 :

256 1978 356 2029 quia
376 1978 482 2017 tales
502 1978 618 2016 viam
638 1977 725 2016 vite
746 1977 825 2016 tibi
846 1982 1087 2028 preparant.
1145 1978 1281 2017 Amici
1301 1979 1412 2017 enim
1433 1983 1474 2017 et
1496 1978 1786 2017 benefactores

255 2044 320 2083 tui
342 2057 438 2082 cum
460 2043 539 2082 tibi
561 2057 613 2082 ex
635 2056 777 2082 amore
800 2043 1082 2090 benefaciunt,
1106 2044 1317 2090 meritum,
1343 2044 1457 2095 quod
1478 2057 1530 2083 ex
1552 2043 1786 2094 indigentia

255 2109 443 2156 haberes,
461 2109 495 2147 si
511 2109 672 2148 deesset
689 2109 761 2160 qui
776 2109 855 2148 tibi
871 2109 1146 2156 benefaceret,
1164 2110 1243 2149 tibi
1258 2110 1537 2149 ministrando
1551 2109 1785 2149 necessaria

255 2175 335 2214 sibi
356 2175 543 2227 quodam
564 2175 690 2213 modo
713 2175 942 2215 ascribunt.
1001 2176 1112 2227 Quid
1133 2176 1245 2215 enim
1266 2177 1438 2215 lucraris
1459 2189 1556 2215 cum
1577 2176 1683 2215 alius
1704 2174 1784 2214 tibi

255 2245 377 2280 tuam
406 2242 675 2280 voluntatem
705 2241 841 2280 facit?
903 2242 1068 2280 Inimici
1097 2255 1198 2281 vero
1228 2256 1324 2281 cum
1354 2243 1434 2281 tibi
1463 2242 1576 2281 mala
1605 2241 1780 2287 faciunt,

256 2307 412 2346 scilicet
431 2307 654 2353 irridendO,
677 2307 951 2354 detrahendo,
973 2308 1223 2355 iniuriando,
1247 2309 1280 2347 si
1300 2309 1469 2360 paciens
1488 2308 1627 2354 fueris,
1649 2307 1783 2346 velint

255 2374 390 2412 nolint
422 2373 502 2412 tibi
533 2377 723 2424 prosunt,
756 2386 857 2412 nam
888 2387 985 2412 cum
1017 2374 1278 2413 occasionem
1309 2374 1493 2414 habendi
1525 2373 1783 2425 pacienciam

256 2439 430 2485 donant,
469 2439 650 2478 salutem
685 2443 875 2478 eternam
911 2440 1050 2479 anime
1086 2441 1369 2480 aministrant.
1427 2440 1539 2479 Hinc
1574 2439 1785 2478 Dominus

257 2505 329 2551 ait,
362 2505 447 2544 “in
476 2505 690 2556 paciencia
718 2510 860 2544 vestra
889 2506 1156 2557 possidebitis
1184 2507 1347 2546 animas
1374 2506 1609 2546 vestras.”⁵
1665 2505 1781 2545 Sicut

256 2571 369 2610 enim
386 2571 487 2610 lima
503 2571 739 2622 rubiginem
757 2584 782 2610 a
800 2572 921 2618 ferro,
942 2576 984 2611 et
1002 2572 1172 2611 lescivia
1189 2573 1376 2612 maculas
1395 2585 1420 2611 a
1438 2585 1591 2624 panno,
1612 2575 1654 2610 et
1674 2571 1783 2610 sicut

306 2741 317 2760 ¹
334 2743 440 2773 Matt.
463 2750 501 2771 VI
523 2741 561 2773 ¹².

305 2785 317 2804 ²
334 2787 473 2817 Ecclus.
499 2794 628 2816 xxvm
650 2785 674 2818 ³,

302 2829 315 2848 ³
333 2831 388 2861 Ad
413 2831 516 2860 Rom.
544 2838 599 2859 XII
622 2829 664 2863 ²⁰,

304 2873 388 2905 *Ad
413 2875 518 2905 Rom.
545 2881 602 2904 ΧΠ
624 2872 665 2906 ²¹.

304 2917 318 2937 ⁵
332 2918 418 2950 Luc.
443 2925 516 2948 xxr
538 2916 580 2949 ¹⁹.
