1934 3260
549 288 622 328 ET
648 289 913 329 SUPERNA
939 291 1280 332 MEDITANDI.
1626 305 1673 344 17

143 435 310 462 necesse
331 426 394 461 est
416 425 464 460 ut
485 420 577 459 illas
597 419 764 472 ineptas
784 426 826 460 et
848 422 1041 462 vanitate
1062 424 1208 475 plenas
1228 423 1424 462 levitates
1445 421 1500 461 ab
1522 422 1673 462 auditu

143 492 219 528 tuo
247 501 344 527 cum
371 487 660 537 indignatione
686 487 874 538 repellas,

143 609 203 637 DE
230 609 442 639 OLFACTU.
1264 609 1518 639 CAPITULUM
1546 605 1672 636 VIIII.

199 665 481 704 Custodiende
502 677 671 715 quoque
692 669 791 703 sunt
813 677 946 711 nares,
970 665 1126 705 scilicet
1148 679 1199 704 ne
1221 665 1438 704 odorando
1459 669 1677 715 unguenta

143 731 262 770 varia
292 736 333 770 et
365 731 593 782 peregrina,
626 735 879 777 muscatum,
913 732 1070 783 species
1101 732 1299 777 diversas,
1332 732 1465 776 flores,
1499 730 1673 775 fructus,

145 798 256 844 folia,
293 797 417 848 ligna,
456 797 583 843 cibos,
622 801 748 848 potus
783 802 825 836 et
860 802 1000 837 cetera
1034 798 1243 837 odorifera
1277 810 1347 836 cor
1381 797 1424 835 in
1459 796 1518 835 eis
1552 796 1677 834 nimis

144 864 376 903 delectetur
415 868 457 902 et
498 863 555 902 sic
595 863 638 901 in
678 863 769 914 ipso
808 864 971 911 lenitas,
1017 864 1155 915 (152b)
1198 863 1409 909 mollicies,
1450 862 1678 901 carnalitas

144 935 273 981 atque
302 930 496 980 ignobilis
524 929 744 968 curiositas
771 930 904 969 inesse
933 930 1286 982 deprehendatur,
1318 942 1367 968 ac
1395 941 1468 980 per
1496 929 1571 967 hec
1601 940 1677 979 pro

143 997 226 1036 isto
256 996 377 1035 suavi
408 1001 449 1035 et
481 996 749 1035 evanescenti
780 997 906 1036 odore
936 997 1191 1036 intolerabili
1221 1000 1263 1036 et
1294 1000 1440 1035 eterno
1470 995 1602 1033 fetore
1633 994 1675 1032 in

143 1063 307 1102 inferno
346 1063 570 1113 repleatur.
631 1062 697 1101 Ibi
736 1063 848 1101 enim
890 1063 1010 1103 “erit
1052 1076 1127 1114 pro
1168 1062 1289 1101 suavi
1328 1062 1456 1100 odore
1496 1060 1677 1106 fetor‚”1

144 1129 252 1168 sicut
278 1130 487 1180 propheta
511 1133 707 1168 testatur.
767 1130 848 1170 Sed
874 1130 907 1168 si
932 1143 1002 1168 cor
1028 1134 1102 1169 aut
1128 1134 1258 1180 caput
1284 1133 1358 1167 aut
1385 1127 1467 1166 alia
1492 1126 1677 1177 corporis

145 1195 334 1235 membra
382 1196 662 1242 infirmantur,
714 1196 888 1247 flagella,
941 1196 1086 1247 spinea
1135 1208 1300 1241 corona,
1353 1193 1473 1239 clavi,
1516 1193 1674 1238 lancea,

145 1262 313 1313 sanguis
339 1267 380 1301 et
409 1262 562 1301 Christi
588 1262 764 1301 vulnera
790 1263 1030 1309 odorentur,
1060 1262 1214 1313 quibus
1241 1261 1404 1300 dulcius
1430 1259 1602 1298 suavius
1629 1271 1678 1296 ac

145 1329 328 1367 securius
385 1333 515 1379 atque
573 1328 862 1367 delectabilius
919 1329 1170 1368 reficientur.
1230 1328 1311 1378 Qui
1369 1326 1460 1365 istis
1518 1325 1678 1363 amenis

146 1395 343 1434 odoribus
367 1395 495 1433 semel
518 1395 736 1434 imbutus2
761 1395 899 1440 fuerit,
927 1395 997 1433 illa
1022 1400 1230 1445 tanquam
1255 1395 1402 1432 fimum
1426 1397 1469 1431 et
1494 1396 1678 1430 stercora

145 1461 372 1513 reputabit.

145 1583 204 1612 DE
237 1583 556 1619 LOQUACITATE.
1337 1579 1591 1610 CAPITULUM
1627 1574 1675 1606 X.

199 1639 256 1678 Os
279 1644 320 1677 et
343 1639 486 1689 lingua
507 1638 697 1678 similiter
719 1645 817 1678 sunt
841 1639 1106 1678 observanda
1128 1638 1182 1676 ab
1204 1637 1318 1676 omni
1341 1637 1452 1675 malo
1475 1647 1676 1679 sermone,

146 1705 302 1744 scilicet
363 1705 636 1751 detractione,
700 1705 1046 1751 murmuratione,
1111 1704 1375 1749 scurrilitate,
1439 1701 1676 1745 dolositate,

147 1771 344 1817 falsitate,
426 1772 682 1817 adulatione,
763 1772 1088 1823 vituperatione,
1170 1770 1401 1814 mendacio,
1484 1767 1678 1819 periurio,

149 1838 401 1889 blaphemia,
445 1838 713 1883 contumelia,
757 1838 934 1877 infamia
975 1843 1016 1877 et
1059 1837 1207 1876 ceteris
1248 1836 1327 1874 hiis
1368 1834 1585 1874 similibus.
1645 1833 1680 1871 O

148 1904 181 1943 si
216 1905 266 1943 de
301 1905 431 1943 verbo
466 1905 604 1943 ocioso
638 1904 815 1943 reddent
851 1904 1041 1943 homines
1075 1904 1284 1942 rationem
1317 1902 1359 1940 in
1395 1901 1461 1940 die
1495 1898 1682 1943 iudicii,3

148 1971 248 2023 quid
287 1972 358 2010 fiet
396 1971 446 2010 de
482 1971 607 2010 istis?
668 1972 732 2009 Tu
768 1984 864 2021 ergo
901 1975 949 2010 ut
986 1984 1035 2010 ea
1071 1970 1257 2009 studiose
1293 1980 1456 2011 caveas,
1495 1979 1591 2005 cum
1627 1964 1682 2003 ad

149 2038 357 2088 colloquia
395 2038 569 2083 accedis,
610 2050 831 2088 nunquam
869 2037 991 2076 iuxta
1029 2040 1354 2080 murmurantes,
1396 2033 1681 2077 detrahentes,

149 2104 426 2155 obloquentes
445 2108 486 2143 et
507 2104 733 2143 maledicas
750 2104 932 2143 resideas
952 2116 958 2142 :
981 2103 1124 2154 lingua
1142 2102 1254 2141 enim
1273 2113 1418 2140 earum
1437 2104 1500 2138 est
1519 2098 1684 2149 gladius

150 2176 311 2215 acutus,
327 2171 342 2194 4
368 2171 532 2221 gladius
559 2170 724 2221 triceps,
753 2183 851 2209 cum
877 2170 989 2209 enim
1016 2169 1199 2220 percutit
1227 2173 1312 2207 tres
1338 2167 1393 2206 ad
1419 2166 1570 2210 minus,
1600 2176 1686 2202 uno

150 2237 238 2275 ictu
276 2237 475 2276 interficit
514 2236 669 2276 scilicet
709 2250 751 2276 se
788 2237 901 2288 ipsas
940 2249 1036 2275 cum
1075 2249 1117 2274 se
1156 2235 1333 2274 caritate
1372 2232 1558 2284 produnt
1597 2242 1686 2269 esse

151 2316 320 2349 vacuas,
336 2304 351 2327 5
375 2308 416 2342 et
442 2303 662 2343 audientes
689 2303 823 2354 (153a)
852 2316 948 2341 cum
971 2303 1013 2341 in
1039 2302 1097 2341 eis
1120 2301 1276 2340 feriunt
1301 2300 1523 2338 caritatem
1548 2302 1589 2335 et
1615 2308 1686 2335 eas

153 2370 306 2420 quibus
324 2370 550 2420 derogatur
567 2383 663 2408 cum
681 2383 826 2408 earum
844 2369 958 2408 fama
975 2374 1183 2419 tanquam
1201 2371 1370 2405 mortua
1388 2364 1683 2404 adnichilatur.

154 2436 243 2474 Alie
267 2449 366 2474 vero
389 2449 486 2474 suas
508 2436 800 2486 derogationes
824 2435 1037 2487 palliando
1061 2435 1220 2477 dicunt,
1247 2431 1433 2471 “nemini
1455 2431 1687 2469 diceremus

155 2502 205 2541 de
226 2503 318 2541 istis
338 2503 405 2541 vel
426 2503 476 2541 de
498 2502 577 2541 illis
597 2503 742 2553 quales
763 2508 874 2548 sunt,
898 2502 971 2541 sed
991 2502 1092 2552 quia
1112 2500 1272 2551 aliquid
1293 2499 1343 2537 de
1365 2498 1423 2537 eis
1443 2496 1569 2540 scitis,
1592 2494 1686 2533 ideo

154 2569 275 2607 vobis
311 2569 488 2607 dicimus
523 2582 623 2608 vera
658 2582 745 2608 esse
781 2582 862 2620 que
898 2569 949 2607 de
983 2568 1084 2619 ipsis
1119 2565 1369 2611 audistiS,’'⁶
1404 2568 1446 2602 et
1482 2561 1686 2600 adiiciunt

157 2635 303 2674 “satis
352 2634 563 2686 diligimus
611 2648 693 2681 eas,
745 2635 818 2674 sed
868 2635 919 2674 de
968 2634 1047 2673 hiis
1095 2633 1220 2672 rebus
1269 2641 1489 2681 nunquam
1539 2625 1687 2676 corrigi

206 2751 218 2770 1
235 2752 294 2783 Isa
316 2750 405 2783 11124.

206 2795 218 2813 ²
235 2797 322 2828 Hor.
344 2804 356 2826 Ι
377 2797 493 2837 Epist.
516 2795 590 2827 11⁶⁹.

206 2839 218 2858 ³
235 2841 340 2872 Matt.
369 2840 469 2872 xn³⁶.

206 2884 219 2902 4
236 2886 290 2916 ΡΞ.
318 2884 407 2916 LV15.

207 2928 219 2946 ⁵
236 2929 340 2959 Beni.
368 2929 479 2960 Serm.
503 2930 540 2960 in
563 2929 668 2961 Cant.
697 2928 834 2969 XX1v§
860 2930 889 2960 3.
944 2929 1075 2968 Migne,
1102 2928 1186 2958 P.L.
1212 2921 1461 2956 CLxxx11139‘3.

206 2972 219 2991 ⁶
235 2974 377 3005 Ancren
399 2975 523 3009 Rine,
544 2984 578 3014 p.
602 2975 655 3005 89.
1670 2970 1691 2990 Β
