2001 3250
114 999 161 1026 10

109 1663 159 1691 20

104 2350 154 2387 30

638 258 708 296 ET
737 257 1003 297 SUPERNA
1030 258 1355 298 MEDITANDI
1366 290 1375 299 .
1731 271 1782 309 99

237 390 364 435 Deus,
391 402 475 427 non
501 389 613 427 enim
638 389 774 427 habeo
799 389 878 427 nisi
903 390 988 428 duo
1013 390 1192 437 minuta,
1219 391 1416 430 videlicet
1441 390 1558 429 istud
1583 389 1782 428 miserum

237 468 389 506 corpus
415 459 457 494 et
484 455 684 501 animam,
714 469 795 506 que
822 456 974 495 merito
1001 461 1078 495 tua
1103 461 1216 503 sunt,
1246 457 1347 508 quia
1373 457 1449 496 abs
1475 461 1518 496 te
1545 459 1658 494 sunt.
1718 456 1783 495 Tu

237 535 334 572 ergo
373 521 613 560 dulcissime
653 522 780 568 Deus
822 522 932 573 ipsal
972 522 1181 574 suscipere
1221 523 1415 574 digneris,
1457 527 1499 562 et
1539 522 1598 561 eis
1640 522 1779 574 (222b)

236 591 354 627 utere
390 600 554 639 semper
589 587 675 626 tuis
710 592 752 626 et
789 601 886 627 vere
922 588 1020 628 tuis.
1079 589 1143 627 Tu
1178 589 1291 628 enim
1326 602 1376 628 ea
1412 602 1486 640 per
1521 588 1782 627 ineffabilem

236 653 475 693 bonitatem
502 658 635 700 tuam,
664 653 773 692 sicut
800 654 963 693 dictum
990 659 1066 701 est,
1095 659 1137 694 et
1164 655 1320 695 iterato
1346 656 1482 694 dicere
1509 655 1661 706 placet,
1690 659 1782 693 tam

234 720 301 771 pie
338 719 502 767 creasti,
542 724 633 759 tam
670 720 849 770 benigne
884 721 1095 767 recreasti,
1136 725 1227 760 tam
1264 722 1480 773 pacienter
1515 721 1558 760 in
1596 721 1782 772 peccatis

233 786 485 833 sustinuisti,
520 790 612 825 tam
644 786 970 826 misericorditer
1002 787 1057 826 ab
1088 787 1147 826 eis
1178 788 1443 834 subtraxisti,
1478 792 1569 826 tam
1602 787 1782 826 dulciter

232 853 287 891 ad
323 852 547 892 servicium
582 857 707 891 tuum
743 853 974 900 adduxisti,
1012 858 1104 892 tam
1140 854 1420 893 amicabiliter
1455 858 1528 893 tue
1564 853 1781 892 dilectioni

231 919 469 958 astrinxisti
508 923 550 958 et
590 924 681 958 tam
720 920 942 970 magnifice
981 920 1158 970 gloriam
1197 924 1389 960 eternam
1428 920 1487 959 eis
1527 920 1777 971 preparasti,

231 999 344 1024 nunc
375 998 472 1036 ergo
504 986 686 1024 Domine
718 986 845 1033 Deus,
879 986 1038 1025 adiuva
1069 1000 1148 1033 me,
1183 986 1284 1038 quia
1315 987 1403 1026 sine
1435 991 1478 1026 te
1509 986 1638 1025 nichil
1670 999 1776 1034 sum,

231 1052 319 1091 sine
343 1056 386 1091 te
411 1052 539 1090 nichil
563 1065 748 1104 possum.
807 1052 990 1099 Adiuva,
1017 1053 1206 1104 inquam,
1233 1067 1300 1092 me
1325 1053 1623 1103 benignissime
1648 1052 1777 1100 Deus,

231 1131 280 1158 ea
305 1131 387 1169 que
412 1118 492 1158 tibi
513 1119 555 1157 in
582 1132 649 1158 me
672 1119 855 1170 placent,
886 1123 928 1158 et
954 1131 1036 1172 que
1061 1124 1110 1158 tu
1135 1120 1223 1171 ipse
1249 1119 1429 1171 posuisti
1451 1119 1778 1159 misericorditer

231 1185 534 1231 conservando,
569 1199 651 1236 que
683 1198 784 1224 vero
817 1185 1040 1237 displicent
1073 1191 1115 1224 et
1148 1186 1277 1224 michi
1308 1190 1476 1233 nocent,
1512 1186 1578 1237 pie
1611 1185 1778 1224 subtra-

230 1251 382 1297 hendo,
415 1265 497 1303 que
527 1256 672 1290 autem
703 1251 870 1298 desunt,
903 1265 1036 1303 usque
1066 1252 1108 1290 in
1140 1253 1267 1291 finem
1297 1252 1476 1303 benigne
1507 1252 1775 1303 perficiendo.

230 1319 265 1357 O
292 1317 536 1356 dulcissima
561 1318 743 1365 bonitas,
772 1331 846 1369 per
872 1322 993 1357 tuam
1018 1319 1277 1358 ineffabilem
1304 1319 1543 1358 bonitatem
1570 1318 1625 1357 da
1649 1319 1778 1358 michi

229 1384 460 1435 intelligere
497 1389 539 1423 et
577 1397 825 1435 cognoscere
863 1386 939 1423 has
975 1385 1219 1424 innumeras
1256 1385 1484 1432 bonitates,
1524 1390 1615 1424 tam
1652 1385 1777 1424 beate

229 1454 272 1489 et
293 1451 519 1490 affluenter
540 1451 668 1489 michi
689 1451 877 1497 collatas,
902 1455 950 1490 ut
972 1451 1031 1490 eis
1053 1452 1110 1490 sic
1132 1451 1196 1490 uti
1217 1464 1390 1498 merear,
1415 1451 1530 1502 quod
1552 1451 1776 1502 proveniat

230 1517 285 1556 ad
318 1517 494 1568 gloriam
528 1522 571 1556 et
605 1518 775 1556 laudem
809 1523 931 1557 tuam
965 1522 1007 1557 et
1042 1518 1096 1556 ad
1130 1518 1270 1557 anime
1303 1531 1395 1557 mee
1429 1518 1612 1557 salutem
1645 1522 1776 1569 atque

229 1583 480 1623 delictorum
522 1597 713 1623 meorum
754 1584 1077 1634 indulgentiam,
1122 1597 1170 1623 ac
1213 1585 1269 1623 ad
1310 1584 1523 1623 virtutum
1566 1584 1775 1623 bonorum

229 1663 405 1701 operum
449 1651 690 1690 devotionis
734 1664 783 1689 ac
826 1650 1037 1701 religionis
1081 1655 1360 1701 augmentum
1405 1656 1447 1690 et
1492 1651 1775 1693 affluentiam.

229 1717 296 1755 Da
319 1717 450 1756 etiam
474 1717 602 1756 michi
625 1722 716 1756 tam
741 1717 807 1768 pie
831 1721 873 1756 et
898 1717 1077 1756 dulciter
1101 1717 1256 1756 sentire
1280 1717 1331 1756 de
1356 1722 1410 1763 te,
1437 1722 1528 1756 tam
1552 1717 1773 1765 veraciter,

228 1788 319 1822 tam
341 1784 603 1834 integraliter
626 1788 668 1822 et
692 1788 783 1822 tam
808 1784 992 1835 perfecte
1016 1784 1182 1822 credere
1206 1783 1248 1821 in
1272 1788 1328 1830 te,
1353 1788 1402 1822 ut
1427 1784 1478 1822 de
1502 1784 1580 1822 hac
1604 1784 1775 1823 mortali

227 1850 319 1889 vita
347 1854 389 1889 et
418 1855 555 1889 morte
583 1850 706 1888 vitali
734 1850 775 1888 in
806 1851 887 1889 fine
916 1850 1083 1889 valeam
1115 1850 1251 1901 (223a)
1284 1850 1502 1901 pervenire
1531 1850 1586 1888 ad
1615 1854 1669 1896 te,
1701 1850 1775 1890 ubi

227 1916 398 1955 videam
424 1921 479 1963 te,
508 1917 624 1956 fruar
650 1921 705 1963 te,
735 1916 936 1955 iocunder
962 1916 1004 1955 in
1032 1920 1086 1962 te,
1116 1920 1158 1955 et
1185 1916 1368 1955 delecter
1394 1921 1536 1955 tecum
1563 1916 1650 1955 sine
1677 1917 1771 1963 fine,

228 1983 301 2034 qui
339 1983 381 2021 in
422 1983 616 2022 trinitate
655 1983 928 2035 inseparabili
967 1987 1008 2022 et
1049 1983 1216 2022 unitate
1268 1983 1510 2022 divinitatis
1553 1983 1691 2022 ‘vivis
1731 1988 1772 2022 et

225 2062 376 2100 regnas
418 2049 534 2089 Deus
578 2062 650 2101 per
694 2049 837 2088 omnia
874 2049 1015 2088 secula
1050 2048 1316 2088 seculorum.'
1373 2049 1554 2089 Amen.’'

281 2139 316 2178 O
357 2151 488 2189 quam
527 2138 649 2177 dulce
689 2143 731 2178 et
772 2138 1020 2177 delectabile
1060 2143 1123 2177 est
1165 2138 1232 2176 hic
1270 2137 1313 2176 in
1353 2138 1690 2177 consideratione
1730 2142 1770 2178 et

225 2204 586 2256 contemplatione
619 2209 711 2244 tam
743 2204 969 2244 ineffabilis
1001 2204 1209 2243 trinitatis
1240 2204 1283 2242 in
1317 2204 1484 2244 unitate
1517 2209 1559 2243 et
1593 2204 1774 2244 unitatis

224 2271 266 2309 in
289 2271 496 2318 trinitate,
522 2276 646 2310 tuum
668 2273 884 2317 affectum,
909 2275 982 2310 tue
1005 2270 1246 2310 devotionis
1268 2275 1310 2310 et
1332 2271 1583 2310 intentionis
1605 2271 1773 2310 ardenti

224 2338 379 2377 mentis
409 2338 615 2377 desiderio
644 2338 915 2377 abundanter
944 2337 1160 2376 effundere
1183 2339 1190 2377 1
1250 2338 1285 2377 O
1317 2350 1448 2389 quam
1478 2342 1520 2376 et
1542 2337 1771 2376 iocundum

224 2409 266 2444 et
293 2405 522 2455 gloriosum
550 2409 612 2444 est
641 2404 721 2443 tibi
748 2404 881 2443 aciem
909 2404 1065 2443 mentis
1092 2403 1305 2455 paulisper
1331 2404 1545 2443 reflectere
1573 2403 1628 2442 ad
1655 2403 1771 2442 illam

224 2470 481 2510 ineffabilem
528 2470 777 2510 felicitatem
822 2470 999 2521 gloriose
1045 2469 1220 2520 Virginis
1266 2470 1409 2517 Marie,
1458 2474 1500 2509 et
1547 2470 1769 2509 beatorum

224 2537 443 2577 celestium
477 2537 717 2588 spirituum,
755 2541 886 2588 atque
921 2536 1112 2575 omnium
1147 2540 1405 2583 sanctorum,
1443 2549 1573 2587 quam
1608 2536 1769 2576 habent

225 2603 265 2642 in
307 2608 399 2643 tam
442 2604 570 2643 beata
611 2603 772 2642 visione
815 2608 858 2642 et
901 2608 1048 2642 eterna
1090 2602 1290 2642 fruitione
1332 2602 1770 2654 incomprehensibilis

223 2670 430 2709 trinitatis
455 2670 497 2709 in
524 2670 691 2709 unitate
718 2683 766 2708 ac
793 2669 973 2708 unitatis
998 2669 1041 2707 in
1067 2668 1275 2716 trinitate,
1304 2673 1435 2720 atque
1461 2668 1520 2708 eis
1545 2673 1770 2719 congratu-

222 2737 350 2775 lando
383 2741 426 2776 et
459 2736 740 2788 supplicando
772 2736 921 2782 dicere,
959 2736 1038 2775 “O
1073 2748 1203 2786 quam
1236 2735 1353 2774 beati
1386 2735 1487 2774 estis
1520 2734 1659 2774 sancti
1691 2734 1771 2774 Dei

223 2816 381 2850 omnes,
429 2802 504 2854 qui
548 2802 762 2842 meruistis
807 2806 1023 2841 consortes
1070 2801 1159 2840 fieri
1204 2801 1425 2841 celestium
1470 2800 1684 2841 virtutum
1729 2804 1772 2840 et

270 2929 282 2948 1
300 2931 403 2961 Read
419 2931 493 2962 ista
