1934 3260
613 244 686 283 ET
724 244 990 284 SUPERNA
1029 245 1372 285 MEDITANDI.
1733 257 1757 297 7

224 375 343 426 virga
364 388 517 426 pravos
538 388 675 415 mores
695 375 834 414 aufert
856 388 881 414 a
902 375 1118 427 discipulo,
1143 377 1200 416 sic
1222 377 1379 417 inimici
1400 382 1443 417 et
1465 377 1755 418 malefactores

224 442 309 481 suis
347 442 546 480 conviciis
584 446 626 480 et
665 441 964 493 iniquitatibus
1004 447 1186 494 purgant
1225 448 1268 482 et
1307 444 1542 483 emundant
1581 444 1615 482 si
1654 444 1757 495 quid

224 508 486 547 maculosum
516 512 579 547 est
609 508 652 546 in
684 507 868 559 pacienti
897 508 1100 559 religioso,
1133 513 1176 548 et
1207 510 1316 549 sicut
1346 510 1576 561 discipulus
1605 510 1758 549 merito

223 574 339 625 virge
359 587 444 613 non
464 574 670 620 irascitur,
694 574 768 613 sed
787 587 883 613 eam
902 574 1159 626 aliquociens
1179 575 1296 615 iussu
1316 576 1507 627 magistri
1527 576 1755 623 osculatur,

224 640 282 679 sic
309 640 503 679 inimicus
529 640 772 679 nullatenus
800 644 863 680 est
893 640 1110 688 odiendus,
1141 642 1215 680 sed
1242 642 1358 681 iussu
1386 642 1541 681 summi
1568 642 1760 693 magistri

225 707 321 745 Iesu
337 706 490 745 Christi
505 706 624 745 velut
640 707 870 758 spiritualis
886 707 1056 746 adiutor
1070 707 1113 746 in
1130 708 1272 746 osculo
1289 709 1404 759 pacis
1424 713 1487 747 est
1508 708 1756 759 diligendus,

226 773 361 824 (144a)
399 772 512 811 unde
546 776 610 812 est
643 773 748 812 illud
784 773 988 824 “diligite
1021 773 1213 813 inimicos
1247 779 1411 813 vestros
1445 778 1487 813 et
1524 774 1760 814 benefacite

222 839 302 878 hiis
322 839 395 890 qui
414 839 595 878 oderunt
615 852 692 878 vos
712 839 822 878 etc.’'
836 840 852 864 1
908 839 951 880 Si
971 839 1084 878 enim
1103 840 1240 887 amici,
1264 841 1337 892 qui
1356 841 1532 887 victum,
1554 841 1761 880 vestitum

222 909 265 944 et
291 909 430 944 cetera
454 905 688 944 necessaria
713 905 877 956 corpori
901 906 1141 945 voluntarie
1166 910 1409 958 preparant,
1436 920 1522 945 non
1547 907 1760 946 immerito

222 976 322 1011 sunt
366 971 577 1022 diligendi,
623 972 838 1023 quomodo
881 976 1009 1023 putas
1050 972 1209 1011 inimici
1251 977 1293 1012 et
1336 973 1641 1019 malefactores
1688 973 1762 1024 qui

222 1038 479 1089 pacientiam
519 1042 562 1077 et
604 1042 744 1077 cetera
785 1038 991 1089 spiritalia
1032 1039 1260 1078 carismata
1301 1039 1356 1078 ad
1397 1039 1578 1078 salutem
1620 1039 1761 1078 anime

220 1104 460 1156 spectantia
523 1104 665 1144 sedule
728 1105 1012 1151 aministrant‚
1078 1109 1172 1144 toto
1236 1105 1373 1144 cordis
1437 1107 1594 1145 affectu
1658 1109 1758 1144 sunt

220 1170 538 1222 amplectendi?
600 1171 718 1210 Felix
749 1184 792 1210 es
823 1171 857 1210 si
889 1172 965 1210 hec
996 1171 1205 1222 intelligis,
1240 1172 1443 1223 quoniam
1475 1171 1529 1210 ab
1562 1172 1760 1211 omnibus

219 1237 487 1276 inimicorum
521 1237 884 1288 persecutionibus
917 1237 1034 1276 illesa
1068 1238 1240 1289 pacifice
1273 1238 1510 1290 requiescis.
1569 1238 1757 1289 Quinto:

221 1303 321 1356 quia
347 1316 420 1354 per
446 1304 522 1342 hec
548 1303 693 1342 similis
719 1304 811 1342 Deo
836 1304 1021 1350 efficeris,
1051 1304 1125 1355 qui
1151 1304 1265 1351 dicit,
1297 1305 1320 1318 “
1341 1305 1375 1343 si
1401 1304 1575 1355 diligitis
1601 1304 1762 1343 amicos

220 1374 385 1409 vestros
431 1374 617 1416 tantum,
668 1370 772 1421 quid
820 1370 1002 1421 amplius
1049 1370 1247 1409 facietis?
1307 1370 1460 1409 Nonne
1508 1370 1666 1409 ethnici
1714 1374 1757 1409 et

221 1436 436 1488 publicani
464 1436 544 1475 hoc
572 1436 736 1475 faciunt
755 1436 832 1475 ?”2
860 1437 922 1475 Ac
951 1436 986 1475 si
1014 1436 1141 1483 dicat,
1173 1437 1247 1488 qui
1275 1437 1496 1487 diligentes
1525 1449 1567 1475 se
1588 1440 1761 1475 tantum

222 1502 415 1553 diligunt,
441 1502 635 1541 debitum
657 1502 773 1554 quod
796 1503 1004 1554 accepisse
1026 1502 1239 1550 videntur,
1263 1503 1462 1549 reddunt,
1487 1507 1563 1542 aut
1586 1516 1659 1554 per
1682 1503 1761 1541 hoc

222 1569 422 1608 meritum
454 1569 619 1607 nullum
650 1573 727 1608 aut
758 1569 983 1608 minimum
1015 1570 1254 1621 acquirunt,
1289 1569 1363 1608 sed
1395 1569 1585 1615 ethnicis,
1621 1569 1665 1607 id
1698 1573 1760 1607 est

223 1636 399 1687 paganis
440 1635 595 1674 similes
636 1635 840 1675 existunt.
899 1636 981 1686 Qui
1022 1649 1123 1674 vero
1166 1649 1264 1675 cum
1306 1636 1452 1675 amicis
1494 1635 1675 1686 diligunt
1718 1639 1761 1674 et

222 1701 414 1741 inimicos
446 1701 537 1740 Deo
570 1702 871 1749 assimilantur,
909 1702 1025 1753 “qui
1057 1703 1187 1741 solem
1219 1715 1343 1741 suum
1375 1702 1472 1741 oriri
1503 1702 1606 1741 facit
1638 1714 1763 1752 super

224 1768 358 1807 bonos
381 1772 423 1807 et
447 1768 592 1813 malos,
620 1773 663 1807 et
687 1768 795 1819 pluit
819 1781 944 1819 super
967 1769 1102 1807 iustos
1125 1773 1167 1808 et
1191 1769 1444 1808 iniustos.''3
1500 1768 1620 1807 Certe
1644 1767 1766 1806 vides

225 1838 437 1886 quantum
478 1834 650 1886 prodest
693 1834 817 1873 amici
858 1835 901 1873 in
943 1834 1083 1874 Deum
1125 1839 1168 1874 et
1209 1835 1368 1874 inimici
1410 1839 1584 1886 propter
1625 1834 1766 1873 Deum

225 1901 406 1947 dilectio,
429 1914 503 1952 per
523 1914 654 1952 quam
673 1901 931 1940 assimilatur
951 1901 1054 1940 Deo.
1068 1901 1085 1925 4
1140 1901 1269 1940 Nulla
1288 1901 1400 1940 enim
1420 1905 1483 1940 est
1504 1899 1768 1952 comparatio

224 1968 316 2006 Deo
335 1967 557 2006 assimilari
576 1971 618 2006 et
638 1980 817 2018 pagano,
840 1972 1014 2019 propter
1034 1967 1149 2019 quod
1168 1968 1254 2006 noli
1273 1967 1575 2007 tantummodo
1596 1967 1767 2017 diligere

225 2034 410 2073 amicum
452 2046 505 2072 ne
549 2033 695 2073 similis
738 2033 909 2073 ethnico
952 2034 1155 2080 efficiaris,
1203 2034 1277 2073 sed
1320 2047 1418 2073 cum
1461 2033 1597 2072 amico
1641 2032 1767 2083 dilige

224 2100 444 2139 inimicum
481 2100 620 2152 (144b)
658 2103 708 2139 ut
743 2100 835 2139 Deo
870 2100 1121 2147 assimileris,
1158 2104 1201 2140 et
1237 2100 1326 2140 eius
1361 2100 1448 2139 filia
1482 2100 1565 2139 dici
1599 2104 1641 2138 et
1677 2111 1766 2138 esse

224 2166 434 2206 merearis.
493 2167 590 2217 Ipse
625 2166 738 2205 enim
774 2166 889 2214 dicit,
930 2167 954 2181 “
974 2166 1135 2218 diligite
1169 2167 1362 2206 inimicos
1398 2171 1562 2206 vestros
1598 2170 1678 2205 ete.
1716 2168 1765 2204 ut

224 2233 316 2272 sitis
344 2232 418 2272 filii
446 2233 580 2284 patris
608 2232 751 2280 vestri,
783 2233 857 2284 qui
885 2237 949 2273 est
977 2233 1021 2272 in
1050 2233 1222 2273 celis.''5
1278 2233 1321 2274 Si
1349 2246 1447 2284 ergo
1474 2233 1573 2272 talis
1601 2245 1656 2278 es,
1689 2234 1764 2270 aut

224 2312 313 2338 esse
358 2299 583 2346 desideras,
630 2303 840 2351 tanquam
885 2299 971 2338 filia
1016 2299 1238 2351 diligenter
1283 2299 1384 2339 audi
1429 2303 1596 2351 patrem
1640 2302 1766 2337 tuum

225 2365 423 2405 celestem
447 2365 594 2405 multis
619 2365 756 2405 modis
782 2365 925 2405 electis
950 2365 1036 2405 suis
1060 2365 1320 2418 loquentem.

225 2493 293 2524 DE
327 2493 682 2533 QUADRIFARIA
716 2493 1002 2525 LOCUTIONE
1036 2493 1135 2525 DEI.
1353 2493 1644 2525 CAPITULUM
1671 2492 1760 2523 1111.

279 2553 488 2604 Loquitur
526 2557 672 2592 autem
709 2553 825 2592 Deus
863 2558 1048 2605 quatuor
1086 2553 1235 2600 modis,
1276 2554 1433 2592 scilicet
1473 2565 1545 2604 per
1583 2552 1759 2602 flagella,

226 2632 299 2671 per
342 2619 539 2671 prelatos,
586 2632 659 2671 per
702 2620 987 2671 predicatores
1030 2624 1073 2659 et
1116 2624 1286 2659 sanctas
1329 2619 1559 2671 scripturas
1602 2623 1644 2658 et
1689 2630 1763 2669 per

275 2701 288 2721 1
303 2703 412 2734 Matt.
433 2709 458 2732 V
477 2700 518 2733 44.

273 2746 286 2764 ²²
304 2747 411 2778 Matt.
434 2754 459 2776 V
478 2745 564 2783 ⁴²⁶,4⁷.

275 2790 288 2809 ³
304 2791 412 2822 Matt.
433 2798 458 2820 V
475 2789 515 2822 ¹²⁵.

275 2834 395 2875 ⁴²Aug.
421 2835 557 2866 Ennar.
581 2835 619 2866 in
643 2835 776 2867 Psalm.
805 2842 903 2865 XCIX
923 2833 939 2875 §
964 2842 999 2871 v,
1019 2835 1152 2875 Migne,
1173 2835 1257 2866 P.L.
1284 2842 1432 2865 XXXVII
1456 2833 1539 2865 1²⁷4:
1567 2835 1688 2866 Tract.
1715 2834 1761 2865 de

230 2879 338 2911 Statu
361 2879 565 2915 Virtutum,
590 2879 723 2919 Migne,
749 2880 834 2911 P.L.
860 2887 1043 2910 CLXXXIV
1067 2878 1129 2910 ⁸⁰⁹.

276 2922 290 2942 ⁵
305 2924 414 2955 Matt.
435 2931 460 2953 v
479 2921 520 2955 ⁴¹4.
