2001 3250
114 994 162 1023 10

113 1713 164 1742 20

115 2043 165 2083 25

110 2376 164 2415 ,30

111 2707 166 2748 35

635 250 707 289 ET
735 251 1002 291 SUPERNA
1029 250 1373 291 MEDITANDI.
1715 259 1764 298 53

234 390 275 424 et
305 385 501 424 certiores
528 388 658 423 testes
686 383 737 422 de
765 396 866 422 vera
893 384 982 422 eius
1008 383 1309 422 resurrectione
1337 382 1610 433 reliquerunt.
1671 381 1766 432 Ipse

236 464 345 497 vero,
404 455 499 502 post
552 450 899 489 resurrectionem
953 463 1086 495 suam,
1143 449 1357 500 discipulis
1412 448 1496 487 suis
1550 460 1622 498 per
1677 447 1765 486 dies

235 517 518 569 quadraginta
545 516 587 554 in
616 516 761 555 multis
788 516 1048 566 argumentis
1075 515 1316 566 apparens,1
1344 519 1386 553 et
1415 527 1511 553 cum
1539 513 1597 552 eis
1625 513 1765 564 sepius

234 584 497 623 manducans
529 587 571 622 et
605 583 765 628 bibens,
802 595 849 621 ac
883 583 995 633 ipsos
1029 582 1080 621 de
1114 582 1310 620 omnibus
1343 581 1506 632 plenius
1538 579 1762 625 instruens,

234 650 478 689 videntibus
513 649 604 695 illis,
643 649 832 688 ascendit
868 648 911 687 in
947 649 1094 694 celum,
1133 652 1176 687 et
1212 648 1375 686 decimo
1410 647 1476 685 die
1513 650 1607 697 post
1645 658 1765 684 suam

233 716 531 761 ascensionem,
560 715 661 766 ipsis
687 715 729 753 in
756 728 890 754 unum
916 715 1055 754 locum
1082 713 1344 764 congregatis
1372 713 1623 764 promissum
1650 711 1765 751 misit

233 783 428 834 spiritum
456 786 663 827 sanctum,
679 781 694 804 ²
722 795 747 820 a
774 794 859 833 quo
886 786 977 820 tam
1004 785 1249 820 constanter
1276 780 1447 818 fuerunt
1474 777 1674 824 roborati,
1716 781 1765 817 ut

232 863 309 902 pro
331 850 424 900 ipso
446 853 628 887 mortem
652 852 693 887 et
719 848 862 886 omnia
884 852 1099 887 tormenta
1123 847 1328 886 sustinere
1353 845 1549 896 deinceps
1573 844 1766 882 alacriter

232 915 390 955 essent3
421 915 572 966 parati.
631 915 767 953 Multa
799 914 971 966 quidem
1003 918 1046 953 et
1078 913 1160 952 alia
1192 913 1310 963 signa
1342 911 1440 950 fecit
1474 912 1592 949 Iesus
1623 922 1766 949 coram

232 982 447 1033 discipulis
472 981 590 1027 suis,4
614 994 695 1032 que
721 981 787 1020 hic
812 994 897 1019 non
924 984 1101 1032 possunt
1126 992 1202 1018 nec
1224 983 1392 1030 oportet
1423 976 1654 1016 conscribi:
1683 989 1766 1027 que

232 1062 331 1088 vero
375 1048 532 1099 scripta
574 1052 673 1086 sunt
717 1048 903 1086 sufficere
947 1047 1115 1092 debent,
1161 1050 1209 1084 ut
1253 1045 1380 1083 michi
1422 1044 1604 1089 videtur,
1651 1042 1766 1081 omni

232 1115 469 1154 Christiano
498 1114 679 1153 salutem
708 1114 847 1153 anime
876 1127 949 1152 sue
978 1113 1192 1152 humiliter
1221 1116 1263 1151 et
1293 1111 1359 1162 pie
1389 1109 1593 1162 querenti.
1654 1110 1765 1159 Ergo

232 1195 304 1233 per
329 1195 378 1220 ea
404 1181 624 1220 credamus
649 1181 749 1232 quia
775 1181 892 1219 Iesus
917 1180 1107 1219 Christus
1131 1183 1195 1218 est
1221 1178 1330 1217 filius
1355 1177 1444 1222 Dei,
1474 1181 1522 1215 ut
1548 1175 1766 1214 credentes

230 1249 367 1288 vitam
393 1252 584 1287 eternam
610 1247 843 1286 habeamus
868 1247 911 1285 in
938 1246 1108 1285 nomine
1133 1245 1276 1297 ipsius.
1334 1244 1400 1283 Tu
1426 1256 1526 1282 vero
1552 1246 1601 1281 ut
1628 1241 1765 1280 vitam

231 1319 422 1354 eternam
460 1313 502 1351 in
539 1315 621 1352 fine
660 1314 829 1359 habeas,
861 1313 951 1359 hiis,
995 1325 1076 1363 que
1116 1312 1167 1350 de
1197 1310 1394 1362 operibus
1432 1309 1521 1348 eius
1558 1307 1766 1347 veraciter

234 1387 332 1420 sunt
373 1381 541 1432 scripta,
584 1380 878 1419 indubitanter
921 1379 1093 1418 credas:
1144 1378 1260 1429 quod
1300 1377 1334 1415 si
1380 1376 1559 1414 fideliter
1606 1373 1763 1420 feceris,

234 1448 430 1499 spiritum
451 1447 689 1498 blaphemie
717 1459 742 1484 a
770 1450 913 1485 mente
940 1450 1018 1485 tua
1046 1444 1215 1496 penitus
1242 1442 1500 1482 exsufflabis.

233 1576 302 1607 DE
323 1575 440 1607 ESSE
460 1575 548 1606 DEI
571 1575 633 1606 ET
652 1574 838 1606 TRIBUS
859 1573 1024 1606 SECTIS
1044 1571 1171 1604 EIUS.
1265 1569 1556 1603 CAPITULUM
1577 1566 1766 1598 XXXIII.

290 1637 397 1675 Sunt
418 1640 563 1674 autern
584 1635 786 1680 nonnulli,
812 1634 884 1685 qui
908 1647 993 1672 non
1029 1633 1165 1671 solum
1194 1631 1466 1670 divinitatem
1497 1635 1540 1668 et
1573 1626 1769 1667 humani-

234 1706 371 1742 tatem
407 1702 561 1741 Christi
593 1714 678 1740 non
715 1701 904 1746 credunt,
947 1699 1085 1751 (183b)
1121 1698 1195 1737 sed
1229 1698 1372 1743 etiam,
1422 1694 1538 1747 quod
1585 1693 1769 1733 deterius

235 1775 310 1813 est,
345 1769 485 1808 Deum
516 1781 604 1807 esse
651 1768 817 1806 credere
863 1769 1157 1805 contemnunt.
1215 1765 1253 1802 A
1296 1763 1450 1815 quibus
1495 1765 1609 1800 recte
1652 1759 1770 1811 queri

235 1839 376 1887 potest
413 1835 507 1886 quis
539 1847 609 1873 eos
641 1834 752 1879 fecit,
789 1834 822 1872 si
856 1834 983 1879 Deus,
1034 1844 1161 1883 quem
1207 1843 1292 1869 non
1339 1829 1530 1874 credunt,
1580 1839 1650 1866 eos
1684 1838 1770 1864 non

234 1902 394 1941 creavit
414 1901 428 1940 ?
489 1901 669 1952 Oportet
691 1904 802 1939 certe
823 1904 870 1938 ut
890 1898 1146 1950 respondeas
1166 1897 1407 1948 quicunque
1427 1908 1471 1934 es
1491 1893 1565 1945 qui
1585 1894 1664 1932 hoc
1684 1904 1769 1930 non

234 1968 378 2014 credis,
412 1967 527 2019 quod
555 1971 712 2006 natura
740 1971 815 2005 aut
846 1969 1042 2017 parentes
1071 1964 1147 2010 tui,
1180 1963 1268 2002 sive
1297 1967 1347 2001 tu
1377 1966 1420 2001 te
1448 1961 1588 2012 ipsum
1618 1958 1768 1998 fecisti.

234 2035 372 2086 Quare
401 2047 498 2084 ergo
526 2033 788 2084 pulcriorem,
819 2032 1130 2083 sapientiorem,
1161 2029 1379 2069 fortiorem
1408 2040 1456 2067 ac
1484 2025 1769 2076 longeviorem

234 2105 277 2140 te
302 2114 387 2139 non
415 2100 600 2139 creasti?
662 2099 704 2139 Si
731 2100 810 2138 hoc
837 2099 973 2137 facere
1000 2111 1084 2136 non
1112 2095 1302 2148 potuisti,
1332 2107 1429 2145 ergo
1455 2106 1532 2132 nec
1558 2097 1601 2131 te
1627 2091 1768 2142 ipsum

233 2167 381 2206 fecisti.
440 2167 534 2205 Hoc
559 2166 673 2205 idem
699 2166 750 2205 de
777 2165 1026 2216 parentibus
1051 2163 1119 2203 Vel
1145 2163 1197 2201 de
1223 2166 1390 2207 natura,
1420 2172 1502 2211 que
1529 2158 1677 2198 debilis
1703 2160 1767 2196 est

232 2239 275 2273 et
296 2234 464 2272 infirma
485 2237 626 2284 potest
649 2232 731 2271 dici
750 2245 756 2271 :
782 2245 880 2282 ergo
900 2243 1067 2270 necesse
1089 2233 1152 2268 est
1173 2233 1222 2268 ut
1245 2229 1361 2267 Deus
1382 2226 1449 2273 sit,
1474 2225 1547 2277 qui
1568 2228 1611 2264 te
1633 2228 1675 2263 et
1696 2223 1769 2262 illa

232 2300 405 2340 creavit.
465 2300 546 2339 Sed
569 2299 684 2345 dicis,
712 2300 735 2312 “
755 2298 789 2337 si
811 2299 927 2337 Deus
949 2301 1119 2336 eternus
1141 2299 1204 2335 est
1227 2299 1271 2334 et
1293 2293 1422 2333 nichil
1443 2304 1611 2343 egenus,
1637 2302 1766 2342 quare

231 2380 300 2405 me
333 2366 464 2406 talem
497 2378 583 2404 non
618 2365 718 2404 fecit
737 2364 784 2403 ?”
852 2364 921 2403 Ad
955 2363 1070 2415 quod
1104 2361 1290 2401 breviter
1323 2358 1614 2411 respondetur,
1652 2355 1768 2408 quod

232 2433 369 2472 omnis
405 2436 599 2471 creatura
634 2436 780 2471 eterna
816 2444 904 2470 esse
940 2443 1026 2468 non
1063 2432 1217 2480 potest,
1257 2426 1358 2479 quia
1392 2425 1567 2464 inicium
1603 2421 1766 2473 accepit

233 2504 281 2539 ut
316 2503 438 2538 esset.
497 2498 622 2549 Quod
655 2498 786 2537 etiam
821 2497 855 2535 si
888 2496 1017 2535 nichil
1051 2499 1202 2546 egeret,
1239 2492 1464 2532 materiam
1498 2486 1768 2541 superbiendi

234 2566 388 2605 habere
410 2569 563 2616 posset,
587 2568 630 2604 et
652 2564 800 2610 dicere,
825 2563 924 2615 quia
945 2575 1030 2601 non
1052 2575 1078 2600 a
1098 2562 1190 2600 Deo
1211 2560 1285 2599 sed
1305 2572 1331 2598 a
1352 2572 1395 2597 se
1415 2558 1508 2609 ipsa
1528 2559 1650 2595 esset.
1709 2553 1766 2592 Et

233 2632 362 2671 infers
387 2644 518 2683 quare
542 2631 674 2670 etiam
699 2634 798 2669 sunt
826 2628 1019 2681 pediculi,
1046 2628 1193 2674 lentes,
1222 2626 1417 2665 buffones
1441 2628 1484 2663 et
1510 2619 1765 2666 huiusmodi,

235 2711 332 2738 cum
358 2698 500 2750 potius
525 2697 581 2736 ad
606 2697 923 2742 detrimentum,
951 2707 1082 2747 quam
1107 2693 1163 2733 ad
1188 2693 1373 2744 aliquem
1389 2690 1628 2742 profectum
1653 2687 1769 2725 facta

235 2778 323 2804 esse
362 2763 624 2803 videantur?
686 2761 1030 2814 Respondebitur
1070 2759 1247 2799 forsitan
1288 2762 1337 2797 ut
1378 2769 1452 2808 per
1491 2756 1568 2794 hec
1608 2757 1650 2793 et
1691 2751 1772 2791 hiis

235 2830 387 2870 similia
433 2829 745 2881 omnipotentia
789 2828 870 2868 Dei
916 2828 1290 2872 demonstraretur,
1339 2823 1428 2862 sive
1473 2825 1523 2860 ut
1569 2824 1613 2859 te
1659 2830 1770 2857 com-

284 2913 296 2931 ¹
312 2915 392 2945 Act.
420 2912 462 2944 1³.
1032 2909 1045 2928 ³
1059 2910 1125 2942 Ms.
1146 2911 1256 2941 erant

283 2957 296 2976 2
310 2959 391 2990 Act.
415 2955 505 2989 ΙΙΙ-4.
1031 2951 1047 2973 ⁴
1062 2954 1164 2986 Ioan.
1201 2950 1318 2984 XXI25.
