1934 3260
141 1006 189 1033 10

139 1334 185 1373 15

140 1666 190 1693 20

144 1995 165 2023 10

171 1993 193 2033 Ul

144 2324 195 2362 30

260 280 285 319 4
637 267 976 308 INSTRUCTIO
1016 267 1111 305 PIE
1149 267 1391 307 VIVENDI

257 399 469 451 loquendo
494 399 538 437 id
564 400 650 444 fiat,
678 412 730 438 ne
756 403 904 437 contra
929 402 972 437 te
996 397 1039 436 in
1064 410 1281 437 rancorem
1307 403 1382 438 aut
1408 400 1552 438 odium
1577 399 1786 439 excitetur

260 479 332 517 per
358 478 439 516 que
464 469 555 503 tam
581 469 657 504 tua
679 477 809 516 quam
833 464 964 516 ipsius
989 464 1100 515 pax1
1126 465 1257 515 possit
1284 466 1533 516 perturbari,
1562 466 1635 505 sed
1660 470 1784 505 caute

259 532 338 570 hoc
359 531 500 577 facias,
527 536 681 570 cuncta
705 530 1020 576 dissimulando,
1043 534 1086 569 et
1111 531 1318 581 paulatim
1342 536 1385 570 te
1405 532 1460 570 ab
1484 545 1533 571 ea
1557 532 1787 583 prudenter

259 596 556 642 abstrahendo,
576 601 624 636 ut
643 597 700 635 sic
718 610 814 648 pax,
835 597 922 636 sine
940 609 1026 647 qua
1041 609 1165 635 nemo
1182 597 1321 635 Deum
1338 597 1513 644 videbit,
1528 598 1543 622 2
1560 597 1786 648 utrobique

258 663 374 701 illesa
427 663 568 702 valeat
623 663 874 702 conservari.
931 662 1164 713 Nunquam
1218 663 1348 702 etiam
1403 664 1460 702 sic
1514 664 1556 702 in
1612 664 1788 702 alicuius

258 729 526 768 dilectionem
562 729 626 768 tui
661 730 798 768 cordis
833 729 1101 768 affectionem
1136 729 1348 775 infundas
1387 730 1487 780 quia
1524 730 1557 768 si
1604 743 1646 768 se
1683 742 1708 768 a
1743 734 1787 768 te

258 795 484 841 subtrahit,
518 795 586 834 vel
617 800 666 834 tu
699 808 724 834 a
755 795 831 834 tali
863 795 1136 840 subtraharis,
1172 799 1344 846 propter
1376 796 1454 834 hoc
1487 809 1634 846 pacem
1666 800 1787 834 tuam

258 861 445 900 amittas.
503 861 597 900 Hoc
615 866 760 900 autem
778 862 850 900 fiet
870 861 904 900 si
922 861 964 899 in
984 861 1206 900 dilectione
1224 865 1301 900 tua
1319 861 1446 900 nichil
1465 862 1579 900 aliud
1598 874 1787 912 unquam

257 940 387 978 quam
412 927 551 966 Deum
575 928 775 978 requiras,
803 940 930 978 quem
955 927 989 966 si
1014 927 1088 966 ubi
1112 940 1209 966 eum
1233 927 1366 966 inesse
1392 928 1591 979 sperabas
1616 928 1789 966 minime

257 993 547 1044 deprehendis,
578 993 634 1032 ad
660 994 812 1044 ipsum,
844 993 916 1044 qui
945 997 1008 1032 est
1038 1006 1123 1044 pax
1150 1006 1262 1038 vera,
1294 993 1362 1044 pie
1389 998 1610 1039 revertere,
1642 1006 1789 1044 pacem

256 1059 428 1098 minime
463 1059 719 1098 habentibus
753 1059 924 1110 pacifice
958 1059 1126 1098 relictis.
1185 1059 1227 1099 Si
1262 1064 1406 1098 autem
1441 1060 1519 1098 hoc
1554 1060 1657 1098 facis
1691 1072 1788 1098 cum

255 1125 346 1164 aliis
371 1125 625 1164 sociabiliter
649 1130 692 1164 et
717 1125 760 1164 in
787 1138 889 1176 pace
915 1125 1175 1164 conversaris
1203 1125 1357 1177 (141b).
1417 1126 1615 1166 Similiter
1641 1138 1788 1177 pacem

254 1195 397 1230 tecum
435 1191 590 1230 habere
629 1191 813 1237 studeas,
857 1191 971 1242 quod
1011 1191 1183 1242 quidem
1223 1192 1294 1230 fiet
1335 1191 1369 1230 si
1408 1196 1706 1243 paupertatem
1745 1196 1788 1230 et

255 1257 535 1296 abiectionem
567 1257 774 1296 veraciter
805 1257 966 1308 diligas.
1026 1257 1068 1297 Si
1099 1257 1212 1296 enim
1244 1258 1378 1296 altera
1410 1259 1560 1296 harum
1593 1258 1786 1303 defuerit,

254 1336 475 1374 nunquam
498 1323 730 1374 perfectam
752 1336 900 1375 pacem
922 1323 1098 1362 habebis
1117 1336 1124 1363 :
1150 1336 1256 1374 quas
1278 1324 1408 1363 etiam
1431 1325 1464 1363 si
1487 1324 1617 1363 habes
1639 1329 1681 1362 et
1704 1336 1789 1362 non

257 1389 405 1440 diligis,
442 1389 591 1428 eodem
624 1389 752 1428 modo
776 1402 879 1441 pace
913 1389 1104 1440 privaris.
1162 1390 1260 1428 Non
1294 1391 1406 1429 enim
1431 1390 1688 1441 paupertas³
1712 1394 1787 1428 aut

257 1455 412 1502 vilitas,
450 1455 524 1494 sed
559 1468 678 1494 amor
713 1468 858 1495 earum
894 1468 1042 1507 pacem
1077 1460 1262 1506 generat,
1301 1457 1435 1495 nutrit
1472 1461 1514 1495 et
1551 1460 1786 1501 conservat,

257 1526 430 1572 propter
450 1521 565 1573 quod
585 1535 682 1560 cum
702 1522 943 1573 angustiam
962 1522 1229 1573 paupertatis
1248 1527 1290 1561 et
1312 1522 1591 1561 abiectionem
1611 1522 1790 1561 vilitatis

258 1588 400 1634 sentis,
433 1600 518 1626 non
550 1588 745 1627 concidat
777 1588 904 1627 facies
933 1592 1022 1634 tua,
1056 1592 1131 1626 aut
1161 1588 1204 1626 in
1237 1588 1378 1639 aliquo
1410 1588 1680 1634 contristeris,
1715 1587 1788 1626 sed

259 1666 329 1692 eas
368 1658 576 1705 tanquam
617 1654 774 1693 amicas
812 1659 854 1694 et
895 1654 1076 1693 autrices
1115 1654 1230 1705 pacis
1269 1659 1486 1705 gratanter
1525 1659 1567 1693 et
1608 1654 1790 1693 letanter

260 1720 539 1770 amplectaris.
598 1720 809 1771 Quoniam
849 1720 883 1759 si
923 1720 974 1759 de
1014 1725 1266 1771 paupertate
1306 1734 1544 1759 murmuras
1584 1721 1651 1759 vel
1692 1733 1788 1759 con-

259 1786 452 1832 tristaris,
480 1791 522 1826 et
548 1786 599 1825 de
624 1787 858 1825 abiectione
883 1786 998 1825 doles
1023 1791 1097 1825 aut
1122 1786 1364 1837 indignaris,
1391 1787 1617 1838 utrobique
1642 1799 1790 1837 pacem

261 1852 397 1891 cordis
439 1857 482 1891 et
524 1853 900 1903 transquillitatem
942 1853 1117 1891 amittis.
1176 1853 1299 1892 Certa
1341 1866 1437 1903 ergo
1479 1858 1570 1892 esto
1613 1853 1713 1903 quia
1755 1852 1790 1890 si

262 1931 409 1969 pacem
430 1931 621 1969 unquam
642 1919 741 1957 alibi
762 1919 960 1970 quesieris
981 1924 1359 1970 quantumcunque
1380 1919 1554 1965 labores,
1578 1931 1789 1969 nusquam

262 1984 450 2023 invenies
506 1985 585 2023 hiis
641 1985 806 2023 duobus
861 1985 1073 2035 neglectis.
1131 1985 1213 2025 Sed
1268 1990 1317 2024 tu
1373 1985 1475 2023 dicis
1531 1985 1651 2031 forte,
1713 1984 1789 2022 “si

263 2055 537 2101 paupertates
569 2055 611 2089 et
645 2051 915 2090 necessitates
948 2051 1156 2089 maximas
1188 2051 1230 2089 in
1264 2051 1393 2097 victu,
1429 2051 1590 2090 vestitu
1622 2055 1664 2089 et
1699 2050 1789 2089 aliis

264 2116 453 2169 pluribus
482 2116 607 2155 rebus
637 2117 887 2156 multociens
917 2117 1067 2168 patior,
1101 2117 1135 2155 si
1165 2117 1420 2156 abiectiones
1451 2122 1491 2156 et
1523 2117 1710 2155 vilitates
1740 2129 1788 2155 eo

264 2183 378 2234 quod
410 2183 453 2220 in
488 2183 632 2221 officiis
665 2196 750 2221 non
784 2195 1045 2234 promoveor,
1082 2183 1137 2222 ad
1171 2183 1342 2222 consilia
1375 2196 1459 2222 non
1493 2196 1632 2229 vocor,
1669 2186 1711 2221 et
1745 2182 1788 2220 in

263 2249 453 2300 pluribus
477 2248 567 2287 aliis
588 2248 713 2288 rebus
736 2262 812 2300 pro
834 2249 1009 2288 minimo
1033 2250 1173 2295 ducor,
1199 2250 1326 2288 velim
1348 2249 1490 2296 nolim,
1516 2253 1558 2288 et
1581 2254 1789 2299 tanquam

263 2328 315 2354 ex
343 2315 592 2354 necessitate
621 2315 825 2355 sustinere
853 2328 988 2366 cogor,
1021 2315 1135 2366 quid,
1165 2315 1352 2366 inquam,
1384 2315 1511 2354 michi
1540 2315 1722 2366 prodest,
1755 2315 1789 2353 si

263 2381 339 2420 hec
375 2381 545 2431 pacifice
580 2386 785 2432 supporto
819 2394 916 2421 cum
950 2382 1173 2421 emendare
1207 2394 1291 2419 non
1327 2382 1514 2420 valeo?”
1571 2381 1639 2419 Ad
1674 2380 1789 2432 quod

261 2447 506 2498 respondeo,
540 2448 563 2461 “
582 2460 727 2486 secura
756 2448 831 2486 fias
861 2452 903 2487 et
931 2461 1152 2499 nunquam
1181 2447 1373 2493 vereariS,
1406 2447 1607 2498 quoniam
1636 2447 1678 2485 in
1710 2446 1788 2484 hiis

263 2526 465 2563 magnum
497 2514 631 2565 (142a)
665 2513 864 2553 meritum
894 2518 936 2553 et
966 2514 1201 2553 mercedem
1231 2518 1420 2553 eternam
1451 2513 1657 2564 acquiris:
1691 2525 1787 2551 cum

263 2579 375 2618 enim
412 2579 652 2618 necessitati
689 2580 908 2631 pacificam
945 2580 1120 2619 adhibes
1156 2580 1435 2625 voluntatem,
1476 2579 1621 2630 procul
1658 2579 1787 2617 dubio

264 2645 366 2684 facis
393 2658 444 2683 ex
472 2646 720 2685 necessitate
747 2646 1024 2685 virtutem.'’4
1079 2646 1229 2685 Coram
1256 2659 1424 2697 quoque
1452 2645 1623 2696 prelatis
1650 2645 1717 2684 vel
1745 2649 1787 2683 te

313 2715 326 2734 ¹
341 2717 406 2747 Ms.
430 2718 540 2749 omits
562 2728 646 2758 pax.

314 2759 326 2778 ²
342 2762 397 2792 Ad
421 2762 513 2792 Heb.
539 2769 596 2791 xn
617 2761 657 2793 ¹4.

313 2803 326 2822 ³
343 2806 448 2836 Bern.
474 2806 590 2846 Epist.
613 2817 657 2841 e.,
682 2806 813 2846 Migne,
837 2806 922 2837 P.L.
947 2813 1115 2836 CLXXXII
1137 2805 1181 2823 ²³⁵

314 2847 467 2888 ‘Quint
499 2851 660 2881 Declam.
692 2858 731 2879 1v
762 2850 814 2881 ²⁰:
860 2851 958 2881 Hier.
990 2851 1036 2881 ad
1069 2851 1152 2881 Rus.
1184 2848 1268 2885 1112,
1302 2850 1419 2890 Epist.
1451 2847 1566 2880 L1v⁶:
1612 2849 1784 2884 Chaueer,

267 2892 448 2932 Knightes
470 2895 555 2925 Tale
578 2895 679 2929 3042,
705 2896 869 2935 Squieres
891 2895 978 2925 Tale
1000 2895 1078 2929 593,
1102 2894 1242 2925 Troilus
1264 2895 1336 2925 and
1359 2894 1528 2935 Criseyde
1551 2900 1592 2923 1v
1613 2891 1676 2911 ¹⁵⁸⁶
1699 2902 1704 2922 1

264 2937 310 2969 cf.
330 2937 417 2968 Yita
438 2939 606 2974 Malachi,
624 2940 679 2969 ed.
702 2939 843 2971 Lawlor
859 2948 893 2979 p.
915 2939 969 2970 22.
