1934 3260
86 1032 134 1060 10

82 1748 133 1778 20

85 2411 134 2449 30

88 2739 136 2780 35

604 292 676 331 Er
705 291 972 331 SUPERNA
1000 292 1343 332 MEDITANDI.
1686 300 1738 341 35

198 426 311 464 malo
333 424 449 476 quod
470 424 570 474 agit,
594 437 679 463 non
701 424 886 463 multum
908 425 1078 471 letatur,
1102 429 1145 464 et
1168 425 1219 464 de
1241 425 1353 464 bono
1375 423 1491 475 quod
1512 435 1596 462 non
1619 423 1736 471 facit,

199 491 372 530 minime
407 490 700 530 contristatur.
757 491 944 541 Quinto:
985 491 1085 542 quia
1120 495 1329 542 tanquam
1365 494 1512 529 statua
1547 489 1739 529 sensibus

200 557 286 596 suis
316 570 538 608 nunquam
570 556 676 595 bene
708 557 856 603 utitur,
892 557 1049 596 scilicet
1082 557 1212 596 oculis
1244 562 1292 596 ut
1324 557 1368 595 in
1400 557 1504 594 fletu
1535 568 1738 607 compun-

200 628 367 674 gantur,
390 623 564 661 auribus
583 627 631 661 ut
652 623 708 661 ad
728 623 840 662 bona
860 623 1073 662 audienda
1093 623 1350 674 aperiantur,
1374 635 1443 661 ore
1463 626 1506 661 et
1526 621 1670 672 lingua
1689 626 1738 661 ut

201 690 314 728 bona
342 689 585 740 loquantur,
617 689 815 728 manibus
844 694 893 728 ut
924 689 979 728 ad
1009 690 1122 728 bona
1151 703 1279 740 opera
1308 692 1563 727 moveantur
1596 688 1735 738 (167b)

202 755 381 807 pedibus
403 760 452 794 ut
474 755 517 793 in
541 755 612 793 via
634 755 714 794 Dei
736 760 997 801 statuantur,
1023 756 1147 794 corde
1170 760 1219 794 ut
1243 756 1355 794 bona
1377 754 1620 800 meditetur,
1646 758 1740 793 toto

202 834 375 873 corpore
416 826 465 860 ut
508 821 563 860 ad
604 821 778 872 aliquod
819 822 980 860 bonum
1021 826 1283 873 preparetur.
1343 822 1498 861 Sexto:
1544 820 1645 871 quia
1686 819 1742 858 ad

203 888 345 926 omnia
370 887 633 926 obsurdescit
659 892 701 926 et
728 892 964 934 excecatur,
993 888 1055 926 ita
1080 888 1196 939 quod
1220 888 1263 926 in
1290 887 1417 933 nullo,
1446 886 1562 937 quod
1587 885 1742 925 viderit

203 967 275 993 seu
344 953 525 992 audierit
595 967 786 1005 unquam
855 954 1108 993 consoletur.
1168 954 1385 1005 Septimo:
1458 952 1558 1003 quia
1627 951 1743 1003 quod

202 1020 468 1071 presentibus
501 1019 659 1058 deliciis
692 1025 734 1059 et
768 1021 1067 1071 voluptatibus
1098 1033 1183 1059 non
1218 1020 1466 1064 delectatur,
1502 1032 1578 1057 nec
1611 1018 1742 1057 etiam

202 1086 411 1138 spirituali
440 1086 733 1132 delectatione,
767 1087 924 1126 scilicet
955 1087 1203 1138 psalmodia,
1235 1086 1448 1124 locutione
1479 1089 1520 1123 et
1552 1084 1742 1123 oratione

201 1158 243 1192 et
272 1152 352 1191 hiis
380 1153 586 1191 similibus
613 1153 880 1192 iocundatur.
940 1153 1133 1192 Octavo:
1165 1153 1266 1204 quia
1293 1165 1377 1190 non
1406 1151 1543 1189 solum
1571 1151 1650 1189 sibi
1678 1154 1741 1189 est

202 1219 329 1265 oneri,
369 1218 442 1257 sed
478 1219 609 1257 etiam
645 1219 842 1258 omnibus
879 1233 921 1258 se
956 1219 1224 1258 intuentibus
1260 1218 1448 1256 mesticie
1485 1222 1527 1256 et
1564 1216 1738 1255 horrori.

200 1285 353 1324 Nono:
409 1285 509 1336 quia
562 1285 748 1336 presenti
798 1286 891 1325 vita
943 1286 1173 1324 miserrime
1226 1284 1432 1330 abutitur,
1502 1287 1544 1321 et
1597 1287 1744 1321 eterna

201 1351 468 1390 beatitudine
491 1351 697 1402 privatur.
756 1352 932 1391 Decimo
952 1365 958 1390 :
985 1352 1086 1402 quia
1108 1352 1159 1390 de
1182 1351 1300 1402 penis
1322 1349 1475 1389 inferni
1496 1362 1581 1387 non
1603 1349 1740 1394 timet,

202 1431 283 1469 que
307 1418 344 1456 ei
366 1422 660 1468 preparantur,
685 1431 762 1456 nec
786 1418 836 1457 de
860 1418 992 1469 gloria
1013 1423 1171 1463 eterna,
1198 1430 1327 1468 quam
1351 1415 1526 1460 amittit,
1552 1427 1741 1465 unquam

201 1484 492 1523 contristatur.
550 1484 615 1523 Tu
652 1497 753 1523 vero
792 1484 1046 1523 omnimodis
1083 1485 1193 1522 hanc
1231 1483 1389 1528 devita,
1430 1494 1482 1520 ne
1521 1480 1742 1519 dulcedine

201 1550 410 1601 spirituali
433 1550 476 1588 in
502 1550 687 1601 presenti
711 1564 865 1597 careas,
894 1556 935 1589 et
960 1551 1003 1589 in
1029 1551 1174 1589 futuro
1199 1549 1403 1588 felicitate
1427 1554 1585 1587 eterna.

199 1677 268 1707 DE
288 1677 690 1710 DESPERATIONE.
1259 1675 1552 1707 CAPITULUM
1574 1673 1737 1704 XXVII.

254 1738 505 1789 Desperatio
529 1738 563 1776 si
587 1752 657 1777 cor
681 1743 805 1777 tuum
829 1738 1066 1784 intraverit,
1094 1737 1318 1788 dyabolica
1342 1741 1418 1779 est,
1445 1735 1539 1773 ideo
1564 1733 1740 1772 viriliter

199 1803 326 1842 debet
343 1804 500 1855 repelli.
559 1805 650 1843 Hec
668 1805 719 1843 de
737 1805 1013 1844 multitudine
1031 1808 1303 1855 peccatorum
1321 1806 1363 1841 et
1383 1801 1433 1840 de
1453 1800 1740 1839 obstinatione

199 1869 330 1908 animi
370 1871 586 1910 nascitur:
632 1871 699 1910 cui
740 1871 887 1910 multis
927 1871 1166 1910 rationibus
1207 1868 1438 1921 prudenter
1479 1870 1737 1905 occurratur.

201 1936 341 1975 Primo
362 1949 368 1975 :
392 1937 492 1988 quia
512 1938 628 1976 Deus
647 1942 711 1976 est
732 1937 1013 1989 omnipotens,
1036 1941 1079 1976 et
1098 1936 1193 1975 ideo
1214 1936 1323 1974 sicut
1344 1938 1485 1985 potest
1507 1933 1739 1983 dampnare

200 2007 453 2054 peccatoreS,
493 2003 551 2042 sic
588 2008 730 2054 potest
767 2004 931 2042 salvare
968 2003 1219 2055 penitentes.
1279 2000 1499 2041 Secundo:
1539 1999 1739 2050 quiaest

199 2069 445 2115 misericors,
488 2074 661 2121 propter
701 2071 817 2121 quod
855 2083 980 2109 nemo
1020 2070 1226 2120 desperet,
1270 2067 1370 2118 quia
1410 2065 1556 2117 procul
1596 2064 1738 2110 dubio,

201 2135 335 2174 maior
375 2140 439 2174 est
479 2136 765 2175 misericordia
806 2137 894 2175 eius
935 2149 1065 2187 quam
1105 2135 1219 2173 mala
1259 2133 1392 2185 possit
1433 2145 1521 2171 esse
1562 2130 1742 2168 nostra.1

201 2201 373 2240 Tercio:
410 2202 511 2253 quia
544 2216 675 2241 verax
709 2207 773 2242 est
811 2203 946 2254 (168a)
984 2215 1061 2241 nec
1094 2213 1285 2252 unquam
1319 2198 1538 2244 mentitur,
1575 2201 1617 2235 et
1652 2197 1741 2247 ipse

201 2267 316 2313 dicit,
348 2269 371 2281 “
416 2268 517 2319 quia
568 2282 822 2320 quacunque
874 2270 978 2308 hora
1029 2272 1226 2320 peccator
1277 2264 1541 2316 ingemuerit,
1597 2274 1741 2301 omnes

199 2333 449 2384 iniquitates
478 2335 566 2373 eius
596 2335 799 2374 oblivioni
819 2335 1055 2381 tradentur,
1075 2334 1098 2347 '¹
1113 2334 1128 2358 2
1156 2338 1211 2380 et,
1245 2334 1268 2346 “
1288 2333 1323 2372 O
1348 2331 1491 2370 anima
1511 2328 1738 2381 peccatrix,

200 2399 297 2439 licet
329 2400 538 2440 fornicata
569 2401 624 2440 sis
655 2415 752 2441 cum
783 2402 1047 2441 amatoribus
1076 2400 1235 2445 multiS,
1269 2403 1414 2437 tamen
1444 2400 1654 2435 revertere
1686 2394 1741 2432 ad

200 2479 280 2512 me,
314 2471 356 2505 et
389 2467 616 2518 suscipiam
647 2468 764 2507 te.”³
820 2469 1010 2519 Quarto:
1044 2467 1145 2518 quia
1176 2466 1271 2517 pius
1302 2468 1378 2510 est,
1402 2463 1475 2514 qui
1505 2475 1590 2500 non
1622 2460 1740 2499 venit

203 2533 397 2571 “vocare
433 2533 580 2580 iustos,
620 2534 694 2573 sed
730 2539 973 2586 peccatores
1010 2534 1066 2572 ad
1102 2530 1450 2584 penitenciam,'’4
1487 2527 1741 2579 promittens

202 2598 260 2637 eis
291 2600 504 2638 conversis
535 2613 708 2639 suorum
740 2601 991 2640 delictorum
1022 2598 1310 2638 remissionem
1343 2600 1384 2635 et
1417 2592 1738 2644 indulgentiam.

203 2664 362 2715 Quinto
382 2678 388 2704 z
417 2666 518 2716 quia
542 2667 748 2718 benignus
773 2671 836 2706 est
863 2672 905 2706 et
929 2667 1037 2712 ideo,
1061 2666 1084 2680 “
1104 2665 1179 2704 ubi
1203 2661 1442 2703 abundavit
1468 2660 1669 2699 delictum
1690 2658 1712 2671 '¹
1728 2657 1743 2681 5

205 2731 460 2782 quandoque
490 2733 628 2783 gratia
658 2733 1003 2784 superabundare
1033 2732 1216 2776 videtur,
1250 2729 1365 2780 quod
1396 2728 1501 2766 bene
1532 2726 1575 2764 in
1606 2724 1743 2763 beatis

208 2797 332 2836 Petro
357 2802 399 2837 et
425 2799 557 2837 Paulo
582 2812 630 2838 ac
655 2800 798 2838 David
822 2804 863 2838 et
888 2799 1035 2838 multis
1059 2798 1151 2836 aliis
1175 2797 1505 2835 demonstratur.
1566 2792 1607 2831 Si
1632 2790 1744 2829 enim

255 2890 266 2908 ¹
283 2891 347 2921 MS.
376 2892 524 2923 miseria
1171 2888 1184 2907 4
1200 2890 1286 2920 Luc.
1311 2886 1378 2918 V³².

254 2933 265 2952 ²
282 2935 391 2966 Ezek.
420 2935 563 2972 xv11122,
592 2935 709 2973 XXI32,
737 2935 919 2967 xxxmffl.
1173 2933 1186 2952 ⁵
1200 2935 1247 2965 ad
1269 2934 1375 2963 Rom.
1395 2929 1466 2960 v²⁰.

253 2977 266 2996 ³
283 2979 354 3018 jer.
379 2979 452 3011 111³.
