2001 3250
139 983 185 1011 10

135 1310 182 1349 15

130 1641 179 1669 20

128 1968 177 2008 25

125 2299 173 2336 30

259 261 311 300 74
655 246 996 287 INSTRUCTIO
1022 246 1116 284 PIE
1139 245 1383 284 VIVENDI

260 393 382 418 suum
425 383 653 418 mutarent.
712 377 858 416 Tercio
900 377 1090 415 decimo:
1136 376 1210 427 qui
1252 377 1385 427 magis
1426 377 1469 415 in
1513 377 1594 416 fide
1636 378 1792 417 fuerint

260 445 446 496 perfecti,
486 444 667 495 amplius
703 442 916 481 miraculis
951 447 993 481 et
1030 442 1232 493 prodigiis
1267 455 1292 481 a
1327 443 1512 481 Domino
1548 449 1792 483 meruerunt

260 510 465 555 honorari,
486 510 597 548 unde
614 509 665 547 de
682 509 808 547 beato
827 508 1021 553 Martino,
1042 508 1285 554 Benedicto,
1306 509 1535 555 Bernardo,
1555 509 1793 560 Elyzabeth

257 582 298 615 et
340 576 528 626 pluribus
567 575 658 613 aliis
696 579 786 612 tam
826 573 1014 624 antiquis
1052 587 1182 624 quam
1221 574 1433 613 modernis
1471 574 1635 625 legitur,
1677 575 1793 626 quod

257 646 419 692 quanto
448 640 680 679 districtius
708 644 750 678 et
779 639 967 678 sanctius
995 639 1207 686 Vixerunt,
1239 645 1362 679 tanto
1391 640 1573 691 amplius
1601 645 1794 680 mortuos

254 706 577 752 resuscitando}
616 706 801 756 leprosos
841 705 1101 752 mundando,
1144 705 1344 745 demones
1383 706 1586 745 eiiciendo
1626 711 1668 745 et
1709 707 1792 746 alia

254 773 474 811 innumera
507 772 626 822 signa
659 771 852 810 faciendo
885 771 1012 810 fidem
1045 784 1166 810 suam
1199 772 1396 823 operibus
1429 772 1789 823 approbaverunt.

255 839 473 889 Quantum
501 837 612 876 enim
641 837 735 888 quis
763 837 929 876 credere
957 837 1202 884 dinoscitur,
1233 843 1406 877 tantum
1434 843 1476 877 et
1505 843 1716 889 operatur,
1748 843 1791 878 et

255 910 365 943 certe
389 904 496 942 sicut
521 908 762 954 peccatores
785 907 827 941 et
850 903 1038 942 infideles
1061 903 1264 942 miracula
1287 908 1330 943 et
1353 904 1471 955 signa
1494 905 1631 943 multa
1654 904 1790 943 facere

253 983 336 1008 non
361 974 669 1008 consueverunt
696 968 834 1019 (aoob)
861 969 919 1007 sic
941 982 1017 1008 nec
1040 969 1112 1008 isti
1133 982 1209 1008 nec
1232 982 1377 1008 eorum
1400 969 1555 1009 similes
1578 970 1786 1016 fecissent,

253 1036 286 1074 si
321 1036 462 1074 fideles
495 1040 536 1074 et
571 1035 672 1074 iusti
705 1048 789 1073 non
824 1034 1015 1074 fuissent.
1075 1035 1239 1086 Quarto
1272 1035 1462 1075 decimo:
1500 1035 1600 1087 quia
1634 1035 1789 1075 cotidie

252 1106 492 1152 peccatores
523 1106 566 1140 et
599 1113 818 1152 perversos
850 1113 875 1139 a
907 1101 992 1139 suis
1023 1100 1324 1152 iniquitatibus
1356 1101 1551 1140 videmus
1583 1102 1786 1148 converti,

252 1172 292 1206 et
321 1167 379 1205 ibi
407 1180 575 1218 quoque
603 1166 947 1218 superabundare
974 1167 1157 1218 gratiam
1184 1167 1258 1206 ubi
1284 1167 1488 1218 iniquitas
1515 1167 1789 1214 abundavit,2

251 1233 365 1284 quod
400 1234 549 1284 utique
584 1233 757 1272 minime
792 1233 851 1272 eis
886 1237 950 1272 est
987 1233 1323 1280 attribuendum,
1361 1233 1435 1272 sed
1469 1233 1562 1273 Deo
1597 1233 1788 1272 omnium

250 1299 456 1337 bonorum
480 1299 669 1349 largitori
693 1299 844 1338 merito
869 1299 1178 1338 ascribendum.
1237 1299 1375 1338 Maius
1399 1299 1511 1338 enim
1536 1299 1788 1339 miraculum

250 1369 311 1404 est
337 1370 601 1416 peccatorem
625 1370 666 1404 et
690 1365 870 1416 impium
893 1365 948 1404 ad
971 1365 1077 1405 bene
1101 1365 1314 1416 agendum
1336 1369 1379 1405 et
1402 1366 1494 1405 Deo
1517 1366 1787 1405 serviendum

248 1443 456 1477 revocare,
495 1444 625 1482 quam
661 1431 913 1470 defunctum
949 1444 974 1470 a
1009 1431 1190 1470 mortuis
1223 1431 1519 1471 resuscitare31
1558 1432 1637 1471 iste
1674 1432 1787 1471 enim

247 1497 540 1536 resuscitatur4
572 1498 728 1536 iterum
761 1497 1004 1543 moriturus,
1041 1501 1238 1548 peccator
1271 1510 1373 1536 vero
1406 1498 1662 1537 iustificatur
1695 1498 1785 1537 sine

248 1563 329 1602 fine
348 1564 551 1609 victurus,
575 1567 617 1603 et
638 1563 739 1615 quia
758 1568 954 1602 mortuus
974 1577 1016 1602 se
1037 1576 1122 1602 non
1142 1563 1402 1610 resuscitat,⁵
1421 1576 1498 1603 nec
1518 1576 1561 1603 se
1581 1564 1786 1603 iustificat

247 1628 427 1680 iniquus,
462 1642 628 1668 necesse
659 1634 723 1669 est
755 1634 804 1668 ut
835 1630 952 1669 Deus
983 1629 1037 1668 sit
1070 1629 1143 1680 qui
1174 1630 1253 1668 hoc
1283 1629 1327 1668 in
1358 1634 1541 1680 utroque
1572 1634 1783 1681 operetur.

247 1695 405 1745 Quinto
436 1696 625 1734 decimo:
658 1695 759 1747 quia
787 1696 878 1735 veri
907 1695 1050 1734 fideles
1079 1699 1346 1734 sacramenta
1375 1708 1460 1734 non
1490 1695 1571 1734 nisi
1603 1729 1609 1735 .
1645 1728 1651 1735 .
1687 1728 1694 1735 .
1729 1728 1736 1735 .
1768 1696 1785 1720 ⁶

246 1766 320 1800 aut
339 1761 504 1801 ratione
523 1762 754 1812 intelligere
774 1766 938 1808 curant,
960 1775 1012 1800 ne
1033 1774 1106 1812 per
1126 1762 1205 1800 hoc
1224 1761 1425 1801 meritum
1445 1761 1543 1800 fidei
1562 1761 1781 1801 amittant.

247 1827 270 1841 “
292 1827 414 1866 Fides
435 1827 590 1874 enim‚''
613 1832 661 1867 ut
684 1827 786 1866 dicit
808 1827 1059 1879 apostolus,⁷
1083 1828 1106 1842 “
1126 1832 1190 1866 est
1212 1827 1456 1866 substantia
1476 1828 1782 1879 sperandarum

243 1906 394 1940 rerum,
423 1899 722 1944 argumentum
746 1907 832 1933 non
857 1893 1158 1945 apparentium
1177 1893 1201 1907 ”
1222 1906 1230 1933 1
1258 1893 1355 1932 hinc
1380 1893 1533 1933 beatus
1558 1893 1783 1945 Gregorius

245 1959 317 2006 ait,
351 1959 495 2011 “quia
524 1959 627 1999 fides
656 1972 741 1999 non
770 1959 901 1999 habet
930 1959 1143 2006 meritum,
1176 1959 1244 1998 cui
1273 1960 1462 1998 humana
1489 1959 1600 1999 ratio
1631 1960 1779 2011 prebet

242 2025 646 2076 experimentum.''⁸
701 2025 784 2077 Qui
818 2029 965 2065 autem
1000 2025 1080 2064 hiis
1114 2029 1207 2065 tam
1242 2025 1480 2065 manifestis
1515 2024 1782 2065 documentis

243 2091 370 2130 fidem
397 2092 596 2131 adhibere
624 2091 794 2142 satagit,
825 2104 995 2131 omnem
1023 2091 1205 2142 speciem
1233 2091 1451 2131 blasfemie
1480 2104 1505 2131 a
1532 2096 1675 2131 mente
1703 2104 1781 2131 sua

242 2157 438 2196 facillime
475 2157 653 2209 repellit.
711 2159 771 2198 Ut
811 2170 909 2208 ergo
949 2170 975 2197 a
1014 2157 1178 2197 cunctis
1217 2157 1406 2196 fidelium
1438 2157 1655 2197 mentibus
1687 2161 1780 2196 tam

242 2223 521 2274 nequissimus
557 2223 731 2275 spiritus
767 2224 939 2263 omnino
976 2224 1123 2274 procul
1159 2224 1353 2275 pellatur,
1395 2223 1532 2276 (zora)
1571 2223 1779 2263 universis

242 2289 431 2340 superius
493 2290 668 2341 prefatis
728 2289 1024 2329 indubitanter
1085 2289 1294 2336 credatur,
1359 2289 1569 2336 videlicet,
1634 2289 1778 2340 figuris

241 2354 475 2401 declaratis
533 2356 766 2407 prophetiis
821 2355 1076 2407 adimpletis,
1133 2355 1316 2395 testibus
1370 2355 1578 2402 veridicis,
1635 2355 1777 2394 verbis

241 2420 395 2460 Christi
437 2421 727 2469 veracissimis,
773 2421 971 2473 operibus
1014 2421 1104 2460 eius
1146 2421 1317 2468 sanetis,
1363 2421 1600 2473 approbate
1643 2420 1776 2473 ipsius

290 2545 301 2564 ¹
318 2547 380 2577 ΜΞ.
407 2547 675 2580 ressuscitando

289 2589 362 2621 ²ad
390 2591 494 2621 Rom.
521 2590 590 2622 v20.

289 2633 302 2651 ³
318 2634 380 2664 ΜΞ.
402 2635 634 2666 ressuscitare

288 2676 300 2695 ¹
316 2678 381 2707 ΜΞ.
404 2680 661 2710 ressuscitatus

288 2720 300 2739 ⁵
316 2722 379 2751 ΜΞ.
404 2723 615 2753 ressuscitat

286 2764 300 2782 ὅ
315 2765 371 2795 No
391 2766 501 2796 blank
519 2767 555 2796 in
575 2767 652 2802 Ms.,
674 2767 741 2797 but
757 2768 862 2799 oculo
880 2776 996 2798 seems
1015 2769 1054 2798 to
1073 2768 1167 2798 have
1185 2768 1351 2809 dropped
1369 2770 1447 2804 out,
1467 2770 1531 2808 yet
1548 2767 1578 2798 it
1596 2767 1625 2798 is
1644 2769 1761 2798 trans-

239 2809 338 2840 lated
361 2810 409 2849 by
429 2811 492 2840 the
515 2810 607 2841 Irish
625 2820 630 2841 :
653 2821 694 2842 or
713 2812 799 2842 read
821 2812 902 2842 visu
923 2812 960 2843 in
981 2812 1084 2853 place
1103 2812 1142 2843 of
1162 2812 1231 2843 nisi
1249 2811 1261 2842 ?

287 2852 361 2884 ⁷ad
386 2853 477 2884 Heb.
506 2853 575 2885 XIl.

288 2895 302 2915 ⁸
317 2898 420 2936 Greg.
442 2905 493 2927 XL
510 2897 617 2929 Hom.
634 2897 673 2929 in
690 2898 829 2937 Evang.
847 2899 908 2929 lib.
927 2905 952 2928 11
974 2897 1084 2929 Hom.
1104 2896 1237 2939 xxv1§
1257 2899 1285 2935 l,
1304 2899 1436 2939 Migne,
1455 2899 1539 2929 P.L.
1558 2896 1760 2928 Lxxvr¹¹⁹⁷.
