2001 3250
95 991 143 1019 10

86 1988 108 2014 [Ο

113 1986 134 2025 01

87 2318 137 2356 30

86 2648 135 2687 35

617 255 689 293 ET
717 255 982 294 SUPERNA
1010 255 1354 295 MEDITANDI.
1709 256 1759 305 83

212 384 447 436 depreceris
475 390 523 424 ut
553 390 762 437 tanquam
791 386 933 425 lumen
963 387 1249 438 prefulgidum
1277 393 1320 427 et
1350 388 1472 427 stella
1501 386 1760 425 lucidissima

214 455 257 490 te
294 451 510 502 procedat,
549 457 592 491 te
629 452 853 499 conducat,
893 458 935 492 et
973 466 1049 504 pro
1086 458 1128 493 te
1165 459 1310 493 exoret
1348 454 1607 493 incessanter
1644 453 1761 503 apud

216 522 381 568 patrem
414 517 796 557 misericordiarum
830 523 872 557 et
906 519 1045 558 Deum
1078 520 1213 559 totius
1247 519 1580 565 consolationis}
1613 523 1661 557 ut
1696 518 1760 557 tui

215 583 401 622 misereri
434 588 477 623 et
510 588 553 623 te
587 584 785 634 dignetur
819 585 1037 631 consolari,
1074 587 1189 637 apud
1223 587 1354 625 etiarn
1389 587 1591 625 dilectum
1626 585 1760 623 filium

215 662 338 688 suum
378 649 611 688 Dominum
650 656 844 690 nostrum
886 652 1027 690 Iesum
1067 652 1294 699 Christum,
1337 652 1410 704 qui
1450 652 1505 690 ad
1543 651 1761 690 vocandos

215 717 476 766 peccatores2
497 729 548 755 ex
571 729 620 755 ea
641 717 778 755 voluit
801 717 1023 761 incarnari,
1048 722 1090 757 et
1113 723 1161 757 ut
1184 719 1350 757 salvum
1374 719 1530 757 faceret
1554 717 1760 768 populum

215 794 338 820 suum
372 795 397 820 a
431 783 616 833 peccatis
650 783 815 821 eorum3
848 783 900 822 de
933 784 1025 835 ipsa
1059 784 1260 835 dignatus
1293 789 1357 824 est
1391 784 1519 829 nasci,
1556 788 1604 822 ut
1639 788 1682 822 te
1715 783 1758 821 in

214 848 372 899 populo
407 861 482 887 suo
519 861 797 888 annumerare
834 849 1044 900 dignetur,
1082 851 1285 901 quoniam
1322 851 1395 902 qui
1430 851 1472 888 in
1509 863 1558 889 eo
1594 849 1759 888 inventi

213 914 371 953 fuerint
394 927 419 952 a
441 915 627 965 peccatis
650 915 735 954 suis
758 915 1052 963 salvabuntur,
1078 917 1194 968 apud
1217 930 1386 968 quoque
1410 916 1759 967 benignissimum

212 980 409 1031 spiritum
429 986 637 1027 sanctum,
660 982 733 1033 qui
752 982 825 1020 ubi
844 982 937 1021 vult
958 983 1111 1034 spirat4
1129 988 1171 1022 et
1191 984 1323 1034 gratis
1341 983 1544 1022 iustificat
1564 982 1756 1033 impium,

212 1051 260 1085 ut
278 1051 320 1085 te
338 1047 470 1097 gratis
488 1061 559 1098 per
576 1048 759 1098 gratiam
776 1048 908 1099 ipsius
924 1049 1137 1094 iustificet,
1158 1050 1258 1100 quia
1275 1050 1437 1088 meritis
1455 1049 1542 1087 sine
1561 1047 1758 1099 operibus

211 1113 297 1151 tuis
328 1113 547 1152 iustificari
579 1127 663 1152 non
697 1119 832 1166 potes.
893 1116 1014 1165 Roga
1045 1129 1143 1166 ergo
1175 1116 1312 1167 ipsam
1344 1120 1393 1155 ut
1427 1115 1524 1154 huic
1557 1115 1680 1153 beate
1713 1118 1756 1153 et

210 1179 481 1230 inseparabili
505 1193 553 1218 ac
577 1180 796 1219 individue
821 1181 1007 1220 trinitati
1031 1186 1073 1220 te
1097 1183 1350 1227 reconciliet,
1377 1186 1583 1232 tuamque
1608 1193 1756 1232 pacem

210 1246 326 1296 apud
356 1246 495 1297 ipsum
525 1247 739 1291 reformet,
772 1252 815 1286 te
845 1247 976 1286 etiarn
1007 1248 1062 1286 ad
1092 1261 1185 1287 eam
1217 1249 1428 1287 conducat
1460 1253 1501 1286 et
1534 1247 1752 1298 perducat,

210 1316 259 1350 ut
292 1312 372 1363 ipsi
405 1312 594 1351 miserias
627 1318 669 1352 et
703 1326 901 1352 erumnas
935 1319 1032 1352 tuas
1066 1315 1376 1365 presentialiter
1409 1314 1560 1352 deflere
1595 1325 1753 1363 queas:

210 1378 265 1416 ad
291 1391 421 1428 quam
447 1378 619 1417 beatam
647 1379 837 1417 divinam
864 1380 1121 1431 presentiam
1148 1394 1245 1419 cum
1271 1381 1399 1419 fueris
1424 1381 1622 1430 ingressa,
1652 1383 1756 1417 tunc

209 1444 389 1483 lucidius
444 1445 671 1496 prospicies
726 1450 889 1496 quanto
945 1451 986 1485 et
1043 1460 1173 1497 quam
1228 1447 1325 1486 fedo
1381 1447 1554 1497 pulvere
1612 1444 1751 1495 (208b)

209 1516 481 1561 peccatorum
504 1511 559 1550 sis
580 1525 782 1563 respersa.
843 1514 954 1551 Puto
977 1513 1092 1564 quod
1114 1517 1218 1552 tunc
1240 1527 1292 1552 ex
1315 1511 1601 1552 amaritudine
1624 1511 1755 1550 animi

208 1577 394 1627 graviter
452 1578 765 1628 ingemiscendo
826 1584 867 1617 et
928 1579 969 1617 in
1031 1580 1286 1618 contritione
1347 1579 1484 1618 cordis
1544 1578 1753 1630 profunde

208 1644 472 1694 suspirando,
499 1645 536 1682 ei
561 1649 609 1683 ut
634 1645 872 1683 iustificeris
895 1645 1145 1696 iniquitates
1169 1651 1267 1685 tuas
1291 1646 1445 1684 devote
1471 1644 1750 1690 confiteberis,

208 1710 363 1756 dicens,
392 1711 414 1724 “
435 1711 530 1761 ego⁵
554 1723 647 1749 sum
671 1711 743 1749 illa
766 1711 913 1749 infelix
935 1716 978 1750 et
1003 1711 1167 1757 misera,
1195 1725 1276 1763 que
1292 1711 1363 1750 illo
1382 1716 1585 1762 tempore,
1606 1710 1687 1749 illis
1710 1710 1752 1747 in

207 1776 320 1822 locis,
343 1776 423 1814 illis
442 1776 602 1822 diebus,
623 1777 694 1815 illa
712 1778 827 1824 hora,
848 1777 928 1815 illis
949 1778 1149 1828 personis,
1168 1779 1240 1816 illa
1258 1783 1446 1829 peccata,
1467 1777 1559 1815 illas
1577 1776 1754 1815 circum-

207 1842 389 1881 stantias
410 1847 451 1881 et
473 1842 553 1881 hiis
574 1843 726 1882 similia
747 1843 941 1882 faciendo
965 1849 1007 1883 et
1034 1845 1249 1895 peccando
1270 1849 1313 1883 te
1337 1843 1599 1895 impugnavi,
1623 1847 1753 1893 atque

205 1908 247 1947 in
276 1908 473 1948 omnibus
498 1909 699 1948 membris
717 1913 759 1948 et
785 1910 975 1949 sensibus
999 1910 1115 1956 meis,
1142 1924 1223 1961 que
1245 1910 1373 1949 michi
1404 1910 1459 1948 ad
1483 1909 1754 1958 serviendum

206 1975 286 2014 tibi
308 1975 559 2021 contuleras,
599 1980 748 2014 contra
768 1981 811 2015 te
840 1976 998 2015 bellurn
1017 1977 1168 2016 induxi
1188 1990 1194 2016 :
1219 1977 1270 2016 de
1297 1977 1421 2015 corde
1444 1976 1601 2015 scilicet
1622 1975 1751 2020 varie,

207 2042 429 2092 superflue,
460 2042 608 2088 ociose,
639 2043 830 2093 superbe,
861 2043 1017 2093 gulose,
1047 2043 1273 2089 luxuriose,
1304 2055 1511 2094 perverse,
1541 2046 1585 2080 et
1613 2045 1753 2080 cetera

207 2107 287 2146 hiis
327 2107 479 2146 similia
519 2108 758 2159 cogitando,
801 2109 843 2147 in
885 2109 1041 2160 quibus
1081 2110 1338 2160 quandoque
1378 2108 1505 2147 nimis
1545 2108 1618 2146 diu
1659 2120 1753 2145 sum

208 2174 430 2213 demorata
467 2179 542 2213 aut
581 2175 805 2221 delectata,
847 2175 935 2214 sive
973 2176 1240 2214 consentiens
1278 2177 1457 2215 effecta:
1499 2187 1572 2226 per
1610 2173 1753 2212 oculos

208 2240 378 2286 scilicet,
413 2240 561 2286 ociose,
596 2241 768 2287 curiose,
804 2242 995 2292 superbe,
1028 2242 1242 2288 iracunde,
1276 2242 1560 2292 indignanter,
1594 2240 1750 2290 gulose,

206 2306 431 2353 luxuriose,
459 2307 702 2358 petulanter
726 2312 767 2346 et
793 2313 933 2346 cetera
958 2308 1200 2347 huiusmodi
1225 2308 1480 2359 aspiciendO,
1508 2311 1549 2345 et
1576 2319 1649 2357 per
1673 2307 1753 2344 hoc

207 2373 464 2424 quandoque
499 2378 681 2412 mortem
713 2374 852 2413 anime
878 2387 970 2413 mee
995 2374 1258 2425 procurando
1281 2387 1288 2414 :
1327 2387 1400 2425 per
1430 2386 1551 2412 aures
1579 2372 1750 2417 scilicet,

207 2439 504 2486 detractiones,
550 2441 920 2485 murmurationes,
967 2441 1255 2487 scurrilitates,
1302 2440 1557 2485 blasfemiaS,
1602 2450 1750 2489 nugas,

207 2506 486 2551 adulationes,
539 2506 835 2552 fabulationes
887 2507 1098 2553 levitates,
1151 2507 1291 2546 ociosa
1340 2511 1382 2545 et
1432 2507 1573 2544 iocosa
1621 2504 1753 2543 verba

207 2572 501 2617 auscultando,
539 2585 612 2623 per
647 2586 728 2624 que
762 2573 897 2611 malas
932 2574 1148 2612 novitates
1183 2573 1440 2625 quandoque
1474 2571 1600 2610 retuli
1636 2570 1752 2609 cordi

207 2650 328 2676 meo:
369 2651 442 2689 per
478 2651 601 2677 nares
639 2639 808 2685 scilicet,
850 2640 983 2685 flores,
1025 2640 1183 2691 species
1220 2640 1396 2684 fructus,
1437 2639 1553 2677 cibos
1591 2642 1632 2676 et
1672 2636 1752 2674 hiis

207 2704 359 2742 similia
378 2705 608 2751 odorando,
630 2709 672 2744 et
692 2705 735 2743 in
754 2705 835 2744 illis
855 2705 970 2744 cordi
989 2719 1038 2744 ac
1057 2706 1249 2745 sensibus
1268 2706 1372 2744 meis
1392 2705 1753 2744 delectamentum

256 2786 268 2805 1
283 2795 311 2816 11
333 2789 379 2818 ad
401 2787 480 2819 Cor.
504 2787 546 2820 1³.

256 2830 268 2849 ²
283 2832 391 2863 Marc.
418 2831 490 2863 11¹⁷.

254 2875 388 2906 ³Matt.
413 2883 425 2904 1
449 2875 489 2908 2¹.

254 2919 267 2938 ⁴
283 2920 383 2951 Ioan.
408 2919 482 2952 111⁸.

259 2963 271 2982 ⁵
287 2964 339 2996 Cf.
360 2965 416 2995 On
436 2964 594 3006 Lofsong
613 2965 652 2996 of
671 2965 742 2996 Ure
762 2965 875 3002 Lefdi,
897 2964 1073 2997 E.E.T.S.
