2001 3250
167 933 216 962 10

167 1261 215 1301 15

164 1593 214 1621 20

165 1920 216 1960 25

167 2251 219 2289 30

281 196 335 246 56
681 192 1024 232 INSTRUCTIO
1048 192 1144 231 ΡΙΕ
1166 192 1411 232 VIVENDI

282 326 397 379 quod
430 325 602 376 quidem
633 328 677 362 et
710 323 894 374 episcopi
927 322 1088 362 faciunt
1122 336 1219 362 cum
1251 323 1540 362 confirmando
1573 322 1809 362 Christiano

282 394 506 442 inungunt.
566 390 615 428 In
640 389 757 427 cuius
780 390 913 439 figura
936 389 1126 428 Christus
1148 394 1277 440 caput
1301 389 1564 428 adorandum
1588 388 1744 439 angelis
1766 392 1809 427 et

284 457 550 498 tremendum
581 455 866 506 potestatibus
896 455 1091 496 manibus
1122 455 1323 494 Iohannis
1351 455 1571 494 inclinasse
1600 449 1810 494 videtur.1

285 524 504 564 Tercium:
533 521 576 560 id
603 525 667 560 est
693 521 971 572 penitentiam
1000 521 1211 560 Christum
1239 521 1382 560 docuit
1410 521 1562 567 dicens,
1594 521 1617 534 ‘⁴
1635 532 1811 571 regnum

287 590 469 628 celorum
498 587 586 625 vim
615 587 789 638 patitur,
821 591 863 625 et
893 587 1068 626 violenti
1096 588 1268 638 rapiunt
1298 583 1470 633 illud,''2
1501 591 1543 626 et
1568 586 1812 637 “gaudium

286 660 349 694 est
399 653 555 704 angelis
603 652 682 691 Dei
731 653 774 691 in
824 652 912 691 celo
960 665 1084 704 super
1132 666 1216 692 uno
1266 658 1484 704 peccatore
1533 652 1812 704 penitentiam

286 724 437 771 agente
455 719 534 758 ³¹³:
580 731 710 769 quarn
738 718 868 757 etiam
896 719 1077 769 apostoli
1104 719 1439 770 predicaverunt,
1470 719 1577 757 sicut
1607 718 1658 758 de
1687 719 1813 757 Petro

285 786 436 837 legitur
464 798 560 824 cum
589 784 640 823 de
668 788 804 823 morte
833 784 985 823 Christi
1014 785 1155 824 Iudeis
1183 786 1435 836 loqueretur,
1470 785 1662 823 “fratres
1682 784 1705 797 ''
1737 784 1810 830 ait,

288 854 311 866 “
331 852 415 891 scio
440 851 555 903 quod
580 863 653 902 per
677 850 961 901 ignorantiam
986 851 1171 901 egistis,''
1200 852 1222 865 “
1243 851 1316 890 sed
1340 864 1452 890 nunc
1477 850 1735 902 penitemini,
1763 854 1812 889 ut

286 918 505 957 deleantur
529 921 672 956 vestra
697 916 851 955 delicta
869 916 948 955 ”4:
991 930 1121 968 quam
1145 917 1275 956 etiam
1301 917 1490 956 Christus
1511 930 1583 968 per
1607 930 1650 956 se
1673 916 1814 967 ipsum

285 983 558 1029 consecravit,
595 996 693 1021 cum
725 982 1010 1034 quadraginta
1043 983 1191 1022 diebus
1224 988 1266 1023 et
1301 983 1584 1035 quadraginta
1617 982 1814 1022 noctibus

284 1049 517 1089 ieiunavit⁵
576 1049 712 1100 (186a)
764 1053 807 1088 et
857 1049 961 1087 alias
1010 1049 1197 1088 diversas
1247 1049 1518 1089 necessitates
1567 1062 1644 1100 pro
1692 1048 1814 1087 nobis

285 1115 524 1155 voluntarie
560 1119 602 1154 et
639 1115 857 1165 angustias
893 1115 1141 1155 sustinendo
1176 1129 1261 1155 non
1299 1116 1478 1155 defecit:
1518 1119 1561 1154 et
1598 1114 1816 1154 sciendum

285 1182 401 1234 quod
416 1195 517 1221 vera
533 1181 769 1232 penitentia
783 1181 826 1219 in
844 1181 980 1220 tribus
996 1182 1201 1228 consistit,
1220 1182 1417 1221 videlicet
1436 1181 1545 1221 :——in
1563 1181 1815 1220 contritione

285 1248 432 1294 cordis,
469 1248 727 1286 confessione
760 1247 842 1286 oris
874 1252 916 1286 et
949 1248 1238 1287 satisfactione
1271 1248 1418 1299 operis.
1478 1249 1568 1286 Hec
1600 1247 1683 1286 tria
1715 1251 1814 1286 sunt

284 1314 518 1353 necessaria
549 1313 713 1352 cuilicet
744 1313 950 1353 veraciter
982 1314 1189 1365 penitenti
1222 1314 1255 1353 si
1287 1318 1463 1365 possunt
1489 1314 1612 1353 simul
1636 1313 1812 1364 impleri.

287 1380 500 1420 Confessio
526 1379 638 1418 enim
665 1384 708 1418 et
736 1379 971 1419 satisfactio
997 1380 1084 1419 sine
1112 1380 1376 1427 contritione,
1407 1393 1557 1432 parum
1585 1384 1660 1418 aut
1687 1379 1814 1418 nichil

285 1450 475 1498 prosunt.
535 1445 742 1484 Contritio
789 1458 891 1484 vero
937 1450 980 1485 et
1027 1446 1233 1485 confessio
1281 1446 1395 1485 sine⁶
1443 1446 1744 1492 satisfactione,
1779 1445 1814 1484 si

286 1512 375 1551 fieri
401 1525 485 1551 non
513 1515 665 1563 potest,
695 1512 922 1551 sufficiunt.
983 1512 1190 1551 Contritio
1217 1517 1361 1552 autem
1388 1517 1430 1552 et
1458 1512 1694 1551 satisfactio
1721 1511 1810 1550 sine

285 1578 544 1617 confessione
571 1578 729 1623 valent,
761 1577 796 1616 si
825 1578 1029 1617 confessio
1058 1578 1201 1629 aliquo
1227 1579 1533 1630 impedimento
1562 1592 1646 1617 non
1671 1581 1813 1629 potest

284 1644 384 1683 fieri.
443 1643 641 1683 Similiter
671 1643 759 1682 sola
788 1643 999 1690 contritio,
1031 1644 1119 1683 sine
1149 1644 1437 1684 satisfactione
1467 1649 1510 1684 et
1540 1644 1810 1690 confessione,

283 1710 317 1749 si
342 1709 430 1748 fieri
454 1723 539 1748 non
565 1714 754 1760 possunt,
782 1709 948 1749 sufficit.
1008 1710 1218 1761 Quartum
1238 1723 1244 1750 :
1272 1711 1316 1750 id
1339 1716 1405 1750 est
1429 1710 1760 1757 matrimonium,
1788 1722 1814 1749 a

283 1775 490 1827 principio
525 1775 748 1814 creationis
783 1789 809 1814 a
844 1775 936 1815 Deo
972 1776 1052 1816 fuit
1089 1777 1348 1823 institutum,
1387 1777 1499 1816 unde
1537 1777 1726 1816 Christus
1762 1776 1813 1815 de

284 1841 549 1893 separatione
594 1842 725 1892 ipsius
772 1842 1045 1893 querentibus
1092 1843 1163 1889 ait,
1215 1844 1373 1894 “quod
1418 1843 1533 1882 Deus
1580 1842 1811 1888 coniunxit,

285 1909 413 1946 homo
451 1922 535 1946 non
575 1908 812 1958 separet.”⁷
869 1909 962 1947 Hoc
1003 1909 1191 1948 Christus
1231 1923 1303 1960 per
1342 1923 1384 1948 se
1423 1910 1562 1960 ipsum
1592 1909 1814 1959 figurative

287 1974 492 2024 implevit,
526 1987 622 2012 cum
653 1987 725 2025 per
756 1974 1002 2024 sanguinem
1033 1988 1155 2013 suum
1187 1976 1403 2014 ecclesiam
1433 1976 1512 2014 sibi
1542 1976 1584 2013 in
1616 1987 1814 2026 sponsam

288 2039 547 2090 copulavitss
604 2041 824 2091 “Propter
862 2040 1182 2079 fornicationem
1220 2046 1364 2080 autem
1401 2054 1510 2080 unus
1548 2041 1724 2092 quisque
1749 2040 1813 2078 vir

288 2119 462 2144 uxorem
493 2106 648 2145 habeat
668 2106 720 2129 ”⁹
749 2110 791 2145 et
821 2119 843 2144 e
873 2119 1086 2146 converso.
1146 2108 1378 2158 Quintum:
1410 2108 1454 2146 id
1483 2112 1546 2146 est
1568 2120 1682 2146 sacer
1712 2107 1814 2145 ordo

289 2185 314 2210 a
341 2172 505 2210 Christo
531 2176 594 2210 est
620 2172 867 2211 institutum
894 2173 1001 2211 sicut
1030 2174 1156 2212 Petro
1182 2173 1334 2212 dixisse
1361 2173 1523 2223 legitur,
1555 2173 1676 2212 “tibi
1703 2173 1814 2211 dabo

289 2238 428 2276 claves
451 2238 567 2287 regni
591 2238 786 2284 celorum,
814 2243 856 2277 et
882 2239 1164 2290 quodcunque
1188 2240 1382 2290 ligaveris
1406 2252 1530 2290 super
1554 2244 1710 2278 terram
1735 2238 1813 2277 erit

289 2303 468 2353 ligatum
501 2308 543 2342 et
576 2303 619 2341 in
653 2304 761 2349 celis,
797 2308 839 2343 et
872 2304 1154 2356 quodcunque
1187 2305 1360 2344 solveris
1391 2318 1514 2356 super
1546 2310 1703 2344 terram
1736 2304 1814 2343 erit

291 2370 477 2408 solutum
506 2374 549 2408 et
577 2369 620 2408 in
650 2369 829 2408 celis.”1⁰
890 2371 984 2409 Hoc
1012 2371 1124 2410 idem
1149 2376 1296 2422 postea
1317 2372 1512 2410 omnibus
1537 2371 1749 2422 apostolis,
1771 2375 1814 2409 et

291 2448 363 2486 per
383 2448 454 2474 eos
475 2435 670 2474 omnibus
690 2435 913 2486 prelatis,11
935 2438 958 2450 “
978 2436 1155 2488 accipite
1177 2437 1294 2488 spiri·
1318 2437 1456 2488 (186b)
1476 2442 1587 2476 -turn
1605 2441 1813 2475 sanctum:

290 2513 470 2551 quorum
525 2500 768 2541 remiseritis
825 2506 1012 2553 peccata,
1070 2503 1348 2543 remittuntur
1405 2503 1475 2550 eis,
1535 2507 1578 2543 et
1636 2514 1816 2554 quorum

339 2614 352 2634 ²
366 2617 473 2647 Matt·
496 2615 631 2649 Iun-¹¹⁵·
841 2616 854 2636 ⁵
867 2619 975 2649 Matt-
996 2617 1063 2649 1V2-
1413 2617 1426 2637 ⁸
1441 2620 1487 2650 ad
1511 2619 1644 2659 Ephes.
1668 2617 1783 2650 v²⁵-²⁷.

339 2658 352 2677 ²
367 2660 473 2691 Matt.
504 2659 588 2692 X112.
837 2660 850 2679 ⁶
864 2663 930 2693 Ms.
947 2663 1024 2693 sine
1036 2663 1290 2694 satisfactione
1413 2662 1426 2681 ⁹
1440 2671 1452 2692 1
1474 2664 1520 2694 ad
1542 2664 1620 2694 Cor.
1643 2662 1726 2694 vn2.

339 2702 352 2722 ³
368 2704 451 2735 Luc.
480 2703 577 2734 xv10.
902 2707 1042 2737 follows
1061 2717 1134 2738 non
1154 2710 1288 2748 potest.
1396 2706 1427 2725 ¹⁰
1441 2708 1548 2738 Matr.
1580 2706 1693 2737 XV119.

338 2746 351 2765 ⁴
368 2749 447 2778 Act.
472 2747 610 2778 11117-19.
843 2748 854 2767 ⁷
868 2750 976 2781 Matt.
1000 2749 1100 2781 X1x⁶.

323 2790 351 2809 ¹¹
365 2792 441 2822 The
469 2792 589 2822 denial
615 2792 653 2823 of
679 2793 752 2824 this
778 2803 852 2824 was
879 2804 947 2825 one
974 2795 1013 2826 of
1038 2796 1100 2825 the
1127 2804 1243 2826 errors
1270 2794 1308 2825 of
1335 2795 1494 2826 Abclard
1521 2795 1750 2826 condemned
1776 2797 1816 2825 at

286 2835 396 2867 Cone.
432 2834 637 2867 Senonense
673 2835 744 2874 (an.
778 2837 880 2876 1140)
913 2839 959 2870 cf.
992 2836 1288 2878 Denz.-Bann.§
1320 2838 1398 2870 379.
