1934 3260
111 813 158 840 10

225 206 287 244 De
309 204 505 256 operibus
527 202 680 240 Christi
804 231 815 242 .
940 231 949 240 .
1075 232 1085 242 .
1210 232 1220 241 .
1480 230 1490 239 .
1551 207 1687 236 XXXII

225 272 287 310 De
308 284 395 310 esse
416 268 495 308 Dei
515 272 557 306 et
578 267 716 307 tribus
736 267 860 306 sectis
940 297 949 306 .
1075 297 1086 308 .
1210 298 1220 307 .
1345 296 1355 306 .
1481 296 1490 305 .
1550 273 1706 302 XXXIII

224 337 287 376 De
308 340 470 387 septem
491 333 661 372 ecclesie
681 332 956 372 sacramentis
1074 363 1084 373 .
1209 363 1219 374 .
1344 362 1354 372 .
1479 361 1490 371 .
1549 339 1724 369 XXXIII1

225 403 288 442 De
309 400 554 453 purgatorio
669 429 679 439 .
804 429 814 439 .
939 430 950 439 .
1075 430 1085 439 .
1210 429 1220 439 .
1345 428 1355 438 .
1480 427 1490 437 .
1550 405 1684 434 XXXV

226 469 289 507 De
309 466 612 506 resurrectione
671 496 680 505 .
806 495 816 505 .
941 496 951 505 .
1076 495 1086 505 .
1211 495 1222 505 .
1347 494 1357 504 .
1482 493 1492 502 .
1548 471 1690 501 XXXVI

227 535 290 572 De
312 533 377 571 die
397 531 541 571 iudicii
672 562 682 571 .
807 562 817 571 .
943 562 953 570 .
1077 561 1088 571 .
1212 561 1223 571 .
1347 559 1358 570 .
1483 559 1493 568 .
1548 537 1709 567 XXXVII

227 599 290 638 De
312 599 430 650 penis
449 597 601 636 inferni
671 627 682 636 .
807 627 817 636 .
942 627 952 636 .
1080 628 1088 636 .
1212 626 1222 637 .
1347 626 1357 635 .
1483 625 1493 634 .
1553 603 1739 632 XXXVIII

227 666 290 704 De
312 664 513 703 felicitate
534 668 680 702 eterna
807 693 819 703 .
944 693 953 702 .
1078 693 1088 702 .
1213 692 1223 702 .
1348 691 1358 701 .
1483 691 1494 700 .
1553 659 1729 697 XXXIX1

230 731 369 782 (137b)
393 730 456 769 De
476 729 779 768 assertionibus
799 728 896 768 fidei
943 759 953 768 .
1078 759 1088 768 .
1213 759 1223 768 .
1348 757 1358 767 .
1483 756 1494 766 .
1554 735 1611 763 XL

228 797 291 836 De
313 795 496 835 oratorio
673 825 683 834 .
808 825 818 835 .
944 825 953 834 .
1079 825 1088 834 .
1213 824 1224 834 .
1348 823 1359 833 .
1484 823 1494 832 .
1554 801 1628 829 XLI

228 864 291 902 De
312 863 495 901 claustro
539 892 549 902 .
674 891 685 901 .
809 891 820 901 .
945 891 955 901 .
1079 890 1089 901 .
1215 890 1225 900 .
1349 889 1360 899 .
1484 888 1495 898 .
1554 867 1647 895 XLII

228 930 292 968 De
313 928 500 979 capitulo
674 957 683 967 .
809 957 818 967 .
944 957 954 967 .
1079 957 1089 966 .
1214 956 1224 966 .
1349 955 1360 965 .
1485 954 1495 964 .
1555 933 1665 961 XLIII

228 996 291 1034 De
311 994 534 1033 refectorio
674 1023 683 1033 .
809 1023 818 1033 .
944 1023 953 1032 .
1079 1023 1089 1032 .
1215 1022 1224 1032 .
1350 1021 1360 1031 .
1485 1020 1495 1030 .
1555 999 1684 1027 XLIIII

228 1061 291 1100 De
313 1060 560 1099 dormitorio
674 1089 683 1099 .
809 1089 819 1099 .
945 1089 954 1098 .
1079 1088 1090 1098 .
1215 1088 1225 1098 .
1350 1087 1360 1097 .
1486 1087 1496 1096 .
1556 1065 1644 1093 XLV

229 1128 291 1165 De
312 1127 454 1165 labore
673 1155 683 1165 .
809 1155 818 1164 .
944 1155 953 1164 .
1079 1155 1089 1164 .
1215 1154 1224 1163 .
1349 1153 1360 1164 .
1485 1152 1495 1162 .
1555 1131 1659 1159 XLVI

228 1194 291 1231 De
313 1192 452 1231 eundo
472 1192 514 1230 in
535 1191 606 1230 Via
673 1222 683 1231 .
809 1222 818 1231 .
944 1221 954 1231 .
1079 1221 1089 1230 .
1215 1220 1225 1230 .
1350 1219 1359 1229 .
1485 1219 1495 1228 .
1555 1197 1678 1226 XLVII

228 1258 291 1297 De
312 1258 578 1297 infirmitorio
674 1287 684 1297 .
809 1288 819 1297 .
945 1287 954 1297 .
1079 1287 1090 1297 .
1215 1286 1225 1296 .
1350 1285 1360 1295 .
1486 1285 1495 1294 .
1555 1263 1696 1291 XLVIII

228 1326 292 1363 De
313 1324 470 1363 sanctis
490 1323 751 1374 requirendis
809 1353 820 1364 .
944 1353 955 1364 .
1080 1352 1090 1363 .
1215 1352 1225 1362 .
1351 1352 1360 1362 .
1485 1350 1496 1360 .
1556 1329 1667 1357 XLIX

229 1392 292 1429 De
314 1391 441 1429 beata
461 1390 621 1440 virgine
642 1394 683 1428 et
705 1389 965 1428 confessione
1081 1419 1092 1429 .
1217 1419 1226 1428 .
1352 1417 1362 1427 .
1487 1417 1496 1426 .
1553 1396 1578 1423 L

230 1458 292 1495 De
314 1456 471 1495 sanctis
492 1456 649 1506 angelis
669 1460 711 1494 et
734 1455 1000 1506 passionibus
1021 1454 1175 1493 Christi
1217 1484 1228 1495 .
1352 1485 1358 1493 .
1487 1482 1498 1493 .
1554 1462 1595 1490 LI

230 1525 293 1562 De
314 1522 565 1574 patriarchis
585 1526 626 1560 et
648 1522 866 1572 prophetis
886 1526 927 1560 et
949 1526 1103 1560 ornatu
1122 1521 1334 1559 virtutum
1487 1550 1497 1558 .
1553 1528 1613 1556 LII

231 1591 293 1628 De
315 1589 517 1639 apostolis
538 1593 580 1626 et
601 1588 779 1626 caritate
811 1619 820 1628 .
947 1618 956 1627 .
1081 1618 1091 1627 .
1216 1617 1226 1626 .
1353 1616 1361 1625 .
1487 1615 1496 1624 .
1553 1594 1630 1621 LIII

231 1656 294 1694 De
315 1654 560 1693 martiribus
580 1658 621 1692 et
644 1653 855 1704 pacientia
947 1684 956 1693 .
1082 1683 1091 1693 .
1217 1683 1227 1692 .
1353 1682 1362 1691 .
1488 1681 1497 1690 .
1554 1660 1649 1688 LIIII

231 1723 294 1761 De
316 1720 623 1760 confessoribus
643 1724 685 1758 et
706 1719 975 1758 humanitate
997 1718 1151 1758 Christi
1219 1749 1228 1758 .
1354 1748 1364 1758 .
1489 1747 1498 1756 .
1555 1726 1610 1754 LV

232 1789 295 1827 Dc
316 1787 520 1826 ebrietate
542 1786 751 1837 spirituali
813 1816 822 1826 .
948 1816 957 1826 .
1084 1816 1093 1825 .
1219 1815 1228 1824 .
1354 1814 1363 1824 .
1489 1813 1498 1822 .
1555 1792 1627 1820 LVI

233 1854 296 1893 De
318 1853 553 1903 virginibus
574 1857 615 1891 et·
637 1852 819 1891 essentia
839 1852 918 1891 Dei
1083 1882 1093 1891 .
1219 1881 1228 1891 .
1354 1881 1363 1890 .
1489 1879 1499 1889 .
1555 1858 1645 1886 LVII

233 1921 296 1959 De
318 1919 529 1958 beneficiis
549 1918 704 1957 divinis
813 1948 823 1958 .
948 1948 958 1958 .
1084 1948 1094 1957 .
1219 1948 1228 1957 .
1354 1946 1363 1956 .
1489 1945 1499 1955 .
1555 1924 1664 1952 LVIII

233 1988 296 2025 De
315 1986 549 2036 gratiarum
569 1985 735 2023 actione
756 1989 797 2023 et
819 1983 1025 2023 desiderio
1045 1983 1210 2022 celestis
1228 1982 1356 2033 glorie
1490 2011 1500 2021 .
1557 1990 1636 2018 LIX

285 2245 296 2264 1
314 2246 362 2276 At
379 2246 442 2276 the
462 2245 540 2276 ioot
557 2244 595 2275 of
613 2245 686 2275 this
705 2244 793 2275 folio
810 2244 839 2275 is
858 2245 921 2275 the
940 2243 1125 2282 following
1142 2242 1274 2274 z—Hic
1290 2241 1383 2273 liber
1400 2243 1456 2273 est
1473 2240 1593 2272 sancti
1609 2238 1770 2271 Victoris

238 2290 461 2321 Parisiensis.
516 2289 711 2319 Invenicns
739 2289 820 2329 quis
846 2289 878 2319 ei
905 2289 1038 2319 reddat
1064 2296 1188 2319 amore
1215 2287 1294 2318 Dei.

997 2853 1041 2882 VI
