1934 3260
55 1027 104 1056 10

53 1757 102 1786 20

53 2419 103 2458 30

580 282 652 321 ΕΤ
682 281 949 322 SUPERNA
977 285 1321 326 MEDITANDI.
1664 298 1715 336 33

171 419 270 459 vide
287 432 340 458 ne
358 419 438 457 hoc
457 416 532 455 fiat
550 414 687 460 nimis
709 414 783 454 sed
801 428 932 467 quam
949 418 1135 457 exterius
1154 419 1275 470 quasi
1292 419 1512 458 irascendo
1531 419 1719 470 percutis

172 486 304 536 virga,
332 484 510 524 interius
536 495 588 520 ex
614 480 793 520 caritate
820 494 930 522 ama.
989 483 1180 535 Quarto:
1210 486 1311 536 quia
1337 485 1371 524 si
1397 485 1556 525 nemini
1582 497 1713 536 prees,

173 552 279 591 nulli
300 550 498 603 quamvis
520 547 741 598 delinquat
763 547 968 596 irascaris,
994 550 1095 601 quia
1116 564 1193 590 nec
1216 555 1265 590 tu
1288 565 1386 590 cum
1409 564 1558 603 peccas
1579 551 1645 590 vis
1667 556 1716 590 ut

174 618 287 657 socia
316 622 393 657 tua
421 614 502 656 tibi
529 614 764 653 irascatur:
797 614 913 666 quod
942 616 1055 655 enim
1084 616 1165 656 tibi
1193 631 1278 656 non
1308 618 1374 656 vis
1403 618 1503 663 fieri,
1537 617 1607 656 alii
1664 630 1717 656 ne

174 684 354 723 feceris.1
411 682 588 734 Quinto:
631 680 731 731 quia
770 694 867 720 cum
906 681 1108 729 irasceris,
1149 684 1254 722 nulli
1293 688 1384 723 tam
1423 697 1549 723 noces
1588 696 1720 734 quam

174 750 266 796 tibi,
299 754 340 789 et
371 749 475 801 quid
504 746 584 786 tibi
613 747 786 798 prodest
816 747 850 786 si
880 748 1007 787 aliam
1037 749 1220 800 corrigis,
1253 754 1296 789 te
1325 754 1471 789 autem
1500 749 1720 788 irascendo

174 816 348 868 perdis?
410 817 567 855 Sexto:
603 813 703 864 quia
736 826 892 864 magna
923 815 1113 854 stulticia
1144 820 1208 855 est
1240 816 1375 863 irasci,
1411 816 1614 867 quoniam
1647 815 1721 866 qui

172 882 379 929 irascitur,
402 881 539 932 qualis
557 880 674 918 intus
692 880 869 926 latebat,
893 881 984 920 aliis
1003 882 1222 921 irascendo
1242 882 1443 922 ostendit.
1500 882 1690 933 Septimo
1711 893 1719 920 ;

173 949 274 1000 quia
293 961 449 998 magna
470 945 698 998 prudentia
718 951 782 986 est
802 947 909 986 iram
931 947 1207 995 dissimulare,
1231 953 1273 988 et
1295 949 1432 1000 qualis
1451 948 1629 987 interius
1650 947 1717 994 sit,

172 1015 358 1054 exterius
387 1027 472 1053 non
503 1012 790 1052 manifestare.
849 1014 1043 1054 Octavo:
1077 1015 1178 1066 quia
1209 1015 1388 1054 societas
1418 1014 1719 1053 iracundarum

171 1085 235 1120 est
259 1080 494 1132 periculosa
517 1083 559 1118 et
584 1084 796 1130 quantum
820 1080 993 1131 pacifice
1020 1081 1156 1132 (166a)
1184 1081 1273 1121 fieri
1296 1085 1438 1133 potest
1463 1080 1720 1119 omnimodis

169 1147 363 1186 vitanda.
420 1146 574 1185 Nono:
614 1145 715 1196 quia
752 1146 926 1185 consilia
962 1151 1005 1186 et
1042 1153 1204 1187 secreta
1241 1148 1400 1187 talibus
1436 1160 1521 1186 non
1559 1147 1717 1186 debent

169 1213 360 1260 revelari,
412 1212 615 1264 quoniam
663 1225 761 1251 cum
808 1212 916 1252 irate
964 1213 1122 1253 fuerint
1171 1214 1226 1253 ab
1274 1214 1332 1253 eis
1380 1214 1465 1253 cito
1514 1216 1718 1264 poterunt

171 1280 405 1331 procaciter
441 1278 692 1318 denudari.2
719 1279 785 1318 Tu
820 1292 921 1318 vero
959 1280 993 1318 si
1029 1281 1196 1332 sapiens
1233 1280 1372 1327 fueris,
1412 1280 1519 1319 tales
1556 1278 1718 1318 solicite

171 1346 396 1385 devitabis.

172 1474 240 1505 DE
259 1474 392 1505 ODIO.
1228 1474 1519 1506 CAPITULUM
1540 1473 1712 1503 XXIIII.

226 1533 384 1573 Odium
411 1533 446 1572 si
472 1545 543 1571 cor
569 1537 694 1571 tuum
721 1532 937 1579 invaserit,
968 1534 1070 1585 quia
1096 1535 1339 1581 mortificat,
1370 1534 1542 1573 omnino
1569 1533 1716 1572 resiste

172 1600 222 1639 ei.
281 1600 374 1638 Hoc
404 1599 563 1638 vicium
594 1599 645 1638 de
676 1599 799 1638 malis
829 1600 955 1639 dictis
984 1601 1052 1639 vel
1082 1601 1207 1640 factis
1237 1600 1438 1647 nascitur,
1472 1600 1540 1639 cui
1569 1599 1716 1638 multis

171 1666 309 1705 modis
339 1679 424 1704 non
456 1665 669 1704 immerito
701 1666 914 1705 obviatur.
975 1667 1143 1706 Primo:
1178 1667 1279 1718 quia
1310 1667 1476 1712 occidit,
1511 1666 1714 1717 quoniam

173 1733 197 1747 “
217 1733 290 1784 qui
319 1732 409 1771 odit
438 1732 614 1771 fratrem
643 1745 767 1770 suum
796 1733 1009 1772 homicida
1037 1734 1166 1779 est,”3
1193 1733 1302 1772 sicut
1332 1733 1484 1772 beatus
1513 1732 1715 1771 Iohannis

171 1799 245 1838 ait.
304 1799 526 1839 Secundo:
571 1798 672 1849 quia
713 1804 899 1845 excecat,
945 1800 1148 1850 quoniam
1191 1799 1265 1851 qui
1307 1800 1397 1838 odit
1440 1799 1582 1837 lumen
1625 1798 1714 1836 vite

169 1865 350 1916 ignorat,
383 1869 426 1904 et
456 1864 551 1904 ideo
580 1865 742 1903 iustum
771 1865 995 1904 iudicium4
1024 1879 1109 1905 non
1140 1866 1255 1912 facit,
1289 1866 1363 1905 sed
1392 1878 1557 1916 semper
1587 1877 1715 1915 opera

170 1931 330 1970 inimici
359 1931 578 1982 pervertit.
636 1931 810 1971 Tercio:
844 1932 944 1983 quia
975 1932 1048 1983 qui
1078 1932 1181 1978 odit,
1214 1945 1256 1971 se
1286 1931 1544 1970 vindicando
1574 1931 1714 1969 Deum

171 1998 294 2049 quasi
356 1998 639 2048 impotentem
703 1998 819 2044 facit,
887 1998 961 2050 qui
1024 1998 1155 2038 habet
1220 2011 1389 2037 omnem
1454 2001 1715 2049 potestatem

170 2064 451 2103 vindicandi.5
507 2064 697 2115 Quarto:
730 2065 831 2115 quia
859 2064 999 2103 Deum
1029 2065 1109 2104 sibi
1137 2065 1240 2104 facit
1268 2065 1488 2103 inimicum
1517 2063 1712 2109 odiendo,

172 2131 328 2169 scilicet
361 2130 577 2169 hominem
610 2143 747 2170 suum.
806 2131 994 2182 Quinto:
1029 2131 1131 2182 quia
1162 2144 1247 2170 non
1281 2135 1423 2182 potest
1455 2130 1544 2169 iure
1577 2130 1714 2168 dicere

172 2197 429 2236 dominicam
451 2197 699 2244 orationem,
724 2210 855 2248 quam
877 2198 911 2236 si
933 2198 1060 2243 dicat,
1085 2202 1179 2237 orat
1201 2202 1351 2236 contra
1373 2210 1493 2235 suam
1516 2196 1711 2242 salutem,

171 2263 279 2302 sicut
310 2263 422 2302 enim
450 2276 536 2301 non
565 2263 659 2302 vult
689 2263 904 2303 dimittere
934 2268 1083 2303 contra
1112 2277 1154 2303 se
1184 2264 1390 2315 peccanti,
1423 2263 1480 2302 sic
1508 2266 1629 2312 rogat
1660 2274 1712 2300 ne

171 2334 347 2381 peccata
386 2342 463 2368 sua
502 2329 778 2369 dimittantur
818 2330 888 2369 ei.⁶
945 2332 1102 2371 Sexto:
1145 2331 1246 2381 quia
1286 2330 1429 2369 omnia
1469 2342 1596 2380 opera
1636 2341 1713 2366 sua

170 2396 321 2447 perdit,
349 2396 552 2447 quoniam
576 2408 625 2434 ea
648 2409 733 2435 non
757 2396 801 2435 in
825 2397 1004 2436 caritate
1029 2397 1102 2436 sed
1125 2397 1168 2435 in
1194 2397 1291 2436 odio
1315 2396 1431 2435 facit.
1490 2395 1680 2446 Septimo
1701 2406 1707 2433 :

170 2462 271 2514 quia
288 2462 403 2513 peior
420 2466 483 2501 est
501 2462 686 2509 animali,
707 2463 823 2514 quod
840 2463 976 2514 diligit
993 2463 1127 2502 simile
1145 2463 1225 2502 sibi
1244 2476 1251 2502 :
1270 2463 1360 2514 ipse
1376 2475 1477 2501 vero
1494 2461 1710 2500 hominem

170 2529 251 2568 sibi
272 2528 451 2567 similem
475 2528 578 2574 odit,
605 2533 647 2568 et
671 2529 787 2580 quod
811 2529 996 2569 deterius
1019 2534 1095 2575 est,
1122 2530 1285 2569 factum
1310 2529 1365 2568 ad
1389 2527 1710 2567 similitudinem

173 2595 312 2647 (166b)
338 2595 430 2634 Dei.
486 2595 654 2647 Octavo
674 2608 681 2634 :
708 2596 809 2646 quia
831 2596 905 2647 qui
927 2596 1018 2635 odit
1041 2596 1200 2635 stultus
1222 2600 1298 2641 est,
1324 2595 1471 2633 nolens
1493 2593 1708 2632 dimittere

173 2674 324 2713 parum
357 2665 406 2700 ut
440 2661 556 2700 Deus
589 2661 627 2701 ei
660 2662 853 2701 dimittat
886 2663 1084 2702 multum.
1141 2663 1293 2701 Nono:
1331 2661 1431 2712 quia
1463 2659 1711 2699 inobediens

222 2744 233 2762 ¹
249 2745 338 2776 Tob.
362 2743 446 2776 1v¹⁶.

221 2788 234 2806 2
251 2789 338 2820 Hor.
365 2796 378 2818 1
404 2789 521 2829 Epist.
551 2788 697 2821 XV11133.

222 2832 234 2851 ³
250 2841 262 2862 1
285 2833 387 2865 Ioan.
411 2831 499 2864 11115.

221 2877 234 2895 ⁴¹
253 2878 351 2909 Ioan.
381 2876 481 2908 vr124.

223 2921 361 2952 ⁵Deut.
390 2920 566 2951 xxxn³⁵z
596 2922 738 2953 Ecclus.
768 2922 928 2954 XXV111¹V

221 2965 234 2984 ⁶
251 2966 358 2997 Matt.
383 2965 477 2996 VIM:
505 2966 615 2998 Marc.
643 2965 728 2998 XI25.
1688 2969 1710 2991 C
