1934 3260
66 1028 114 1056 10

71 1692 118 1720 20

7 1987 120 2062 .25

79 2354 122 2395 30

79 2682 127 2723 35

551 282 625 322 ET
661 281 931 324 SUPERNA
966 281 1312 325 MEDITANDI.
1696 294 1720 333 3

178 415 387 455 videaris:
427 414 501 466 qui
536 414 570 453 si
607 413 864 465 quandoque
900 414 943 452 in
980 414 1122 465 aliquo
1170 427 1306 454 errare
1342 414 1555 461 videntur,
1593 414 1717 453 facile

180 486 279 521 sunt
307 480 550 527 excusandi,
581 480 682 532 quia
708 480 752 518 in
780 480 972 531 pluribus
1000 485 1042 519 et
1071 481 1247 520 diversis
1274 481 1400 520 rebus
1428 480 1719 532 multipliciter

181 553 279 587 sunt
327 547 536 598 occupati.
595 546 806 594 Similiter,
845 546 878 585 si
925 547 1034 586 forte
1082 547 1339 598 aliquociens
1385 547 1585 586 videntur
1631 559 1720 586 esse

180 614 320 653 minus
354 613 546 664 religiosi,
584 612 752 651 noveris
788 612 915 664 quod,
954 612 1063 652 sicut
1099 613 1251 652 beatus
1288 614 1438 652 Petrus
1475 613 1548 660 ait,
1589 613 1613 626 ‘¹
1633 625 1718 651 non

180 685 353 720 tantum
387 679 509 718 bonis
542 683 584 718 et
618 679 834 725 modestis,
871 678 944 718 sed
977 679 1108 718 etiam
1143 679 1382 726 discolis,”1
1415 679 1459 718 id
1492 683 1556 718 est
1590 678 1718 718 indis-

181 746 394 798 ciplinatis
420 750 593 797 propter
620 746 760 784 Deum
787 745 915 785 debes
941 745 1247 796 obtemperare.
1306 745 1431 797 Quod
1457 745 1587 784 etiam
1615 745 1649 783 si
1675 748 1719 784 te

180 826 265 852 non
291 813 477 852 multum
502 812 728 858 advocant,
757 816 833 851 aut
859 812 969 851 circa
995 825 1037 850 se
1063 816 1241 863 ponunt,
1271 817 1346 851 aut
1373 824 1515 850 seeum
1541 811 1716 857 ducunt,

182 880 269 919 sive
299 879 343 918 in
375 879 520 918 officiis
550 891 635 917 non
667 882 933 929 promovent,
967 878 1056 917 sive
1086 878 1172 917 tale
1203 878 1307 930 quid
1337 878 1510 916 minime
1542 877 1717 923 faciunt,

181 958 403 997 nunquam
423 949 596 996 propter
616 946 696 984 hoc
716 945 758 983 in
780 945 923 996 aliquo
944 949 1093 984 contra
1112 944 1226 996 ipsos
1246 944 1467 990 movearis,
1491 943 1564 983 sed
1584 943 1721 982 multo

182 1012 316 1063 magis
344 1012 493 1062 diligas
520 1016 563 1050 et
593 1012 783 1058 honores,
815 1016 1025 1062 tanquam
1057 1011 1196 1062 (14ob)
1229 1015 1423 1050 auctores
1451 1015 1494 1049 et
1524 1009 1722 1049 custodes

181 1084 254 1119 tue
286 1078 414 1129 pacis.
473 1078 697 1118 Subiectus
728 1078 840 1117 enim
872 1090 1094 1129 nunquam
1125 1077 1177 1117 de
1209 1077 1372 1129 prelato
1404 1090 1480 1116 suo
1511 1076 1621 1115 iuste
1653 1075 1721 1114 vel

181 1145 333 1184 merito
366 1144 650 1195 conqueritur,
687 1144 721 1183 si
754 1144 809 1183 ab
840 1144 932 1195 ipso
965 1144 1008 1183 in
1042 1144 1227 1183 claustro
1260 1144 1425 1195 positus
1457 1143 1545 1182 sine
1578 1142 1722 1193 aliquo

182 1212 318 1253 officio
347 1211 489 1262 quiete
517 1211 659 1250 vivere
688 1211 990 1262 permittatur:
1021 1210 1123 1262 quia
1149 1223 1223 1262 per
1250 1211 1330 1249 hoc
1358 1223 1383 1249 a
1411 1209 1595 1261 quolicet
1623 1221 1721 1247 vere

182 1278 374 1329 religioso
426 1291 511 1328 pax
563 1282 605 1317 et
657 1277 967 1328 transquillitas
1018 1277 1149 1316 animi
1201 1289 1343 1316 secure
1395 1275 1628 1327 acquiritur
1679 1278 1722 1313 et

184 1344 488 1385 delectabiliter
528 1343 779 1395 possidetur.
837 1343 936 1382 Veri
973 1356 1158 1394 namque
1195 1342 1376 1393 religiosi
1414 1355 1499 1380 non
1537 1341 1723 1380 multum

185 1416 335 1451 curant
375 1415 450 1449 aut
489 1410 718 1462 queritant,
761 1410 834 1461 qui
872 1410 915 1448 in
954 1409 1100 1448 officiis
1138 1414 1214 1448 aut
1252 1409 1345 1448 istis
1381 1408 1508 1447 rebus
1545 1406 1723 1446 terrenis

184 1478 466 1529 implicentur,
512 1477 745 1516 dummodo
788 1476 868 1527 ipsi
911 1480 1121 1527 tanquam
1163 1476 1297 1526 ignoti
1341 1480 1383 1514 et
1427 1474 1609 1520 inutiles,
1655 1472 1724 1512 vel

186 1556 337 1596 parum
379 1548 454 1583 aut
496 1543 624 1582 nichil
666 1543 856 1589 scientes,
901 1543 956 1581 ab
998 1542 1196 1581 omnibus
1236 1545 1529 1587 exonerentur,
1574 1544 1623 1579 ut
1666 1539 1724 1578 sic

186 1610 452 1650 dulcedinem
478 1610 594 1661 pacis
620 1614 662 1649 et
689 1609 1067 1660 transquillitatem
1094 1608 1249 1660 quietis
1275 1608 1460 1647 securius
1485 1611 1528 1646 et
1554 1606 1725 1645 liberius

187 1677 513 1728 amplectantur.
573 1676 615 1716 Si
646 1681 791 1715 autem
823 1677 899 1715 hec
930 1676 1054 1727 sapis,
1088 1680 1164 1714 aut
1194 1687 1416 1726 nunquam
1447 1672 1640 1725 gustasti,
1675 1675 1724 1711 ut

187 1744 350 1796 plenius
385 1743 592 1795 percipias
626 1743 702 1781 hos
738 1743 898 1782 solicite
933 1742 1106 1781 studeas
1139 1741 1310 1780 imitari.
1370 1741 1476 1780 Cum
1510 1738 1726 1778 sodalibus

187 1824 356 1862 quoque
381 1810 466 1849 tuis
492 1810 668 1860 pacifica
692 1822 855 1860 semper
880 1822 968 1847 esse
993 1808 1228 1848 contende:
1256 1807 1372 1859 quod
1397 1806 1569 1858 quidem
1594 1806 1666 1844 fiet
1692 1804 1726 1842 si

188 1878 333 1916 studes
350 1876 483 1915 amari
499 1881 541 1915 et
559 1889 712 1922 amare,
732 1875 936 1914 blandam
952 1879 995 1914 et
1012 1875 1226 1914 affabilem
1243 1873 1440 1913 omnibus
1456 1877 1499 1912 te
1516 1871 1726 1917 exhibere,

188 1948 439 1995 supportare
467 1956 552 1981 non
581 1943 717 1981 solum
745 1942 972 1993 pacienter,
1002 1954 1152 1980 verum
1180 1945 1222 1980 et
1250 1940 1430 1979 libenter
1456 1938 1729 1977 infirmitates

189 2023 380 2050 sororum
413 2014 586 2048 tuarum
620 2014 712 2048 tam
745 2021 913 2048 morum
947 2021 1078 2059 quam
1112 2019 1364 2059 corporum:
1402 2006 1567 2044 nullam
1601 2003 1732 2043 etiam

190 2077 386 2129 quamvis
434 2076 683 2126 religiosam,
735 2075 1021 2126 irreligiosam,
1074 2074 1337 2119 dissolutam,
1388 2071 1637 2111 iracundam
1687 2073 1730 2108 et

188 2144 398 2183 immitem
423 2144 707 2194 condempnes
732 2146 808 2181 aut
834 2141 1052 2193 despicias,
1081 2141 1182 2192 quia
1207 2140 1344 2191 qualis
1369 2139 1423 2178 sit
1448 2139 1492 2177 in
1517 2136 1731 2189 presentia

189 2211 268 2250 Dei
304 2210 371 2249 vel
407 2210 544 2260 qualis
580 2209 658 2248 erit
694 2209 737 2247 in
774 2209 920 2247 futuro
955 2208 1136 2258 ignoras.
1195 2208 1301 2246 Esto
1337 2205 1528 2244 similiter
1564 2202 1729 2242 cunctis

190 2277 383 2327 benigna,
438 2276 596 2315 nemini
648 2275 818 2321 blanda,
873 2274 1019 2326 paucis
1071 2273 1301 2319 familiaris,
1357 2271 1554 2311 omnibus
1605 2281 1727 2320 equa,

189 2344 401 2394 religiosas
438 2342 624 2388 imitans,
668 2342 804 2393 (141a)
845 2341 1096 2391 irreligiosas
1134 2340 1343 2385 devitans,
1385 2338 1563 2377 aliarum
1602 2347 1731 2387 opera

190 2410 459 2449 dissimulans
490 2413 532 2448 et
564 2413 642 2447 tua
674 2408 864 2447 districte
897 2407 1146 2453 diiudicans,
1180 2410 1223 2445 et
1256 2409 1468 2457 quantum
1499 2404 1542 2442 in
1574 2406 1618 2441 te
1649 2404 1726 2446 est,

190 2489 287 2515 cum
328 2475 526 2514 omnibus
566 2474 821 2520 hominibus,
866 2474 900 2513 si
941 2474 1030 2513 fieri
1071 2477 1226 2525 potest,
1271 2484 1419 2523 pacem
1460 2479 1727 2513 conservans,

191 2542 369 2581 dicendo
404 2555 502 2580 cum
537 2541 770 2593 psalmista,
811 2541 834 2554 “
854 2553 952 2579 cum
987 2540 1067 2579 hiis
1103 2539 1176 2591 qui
1212 2538 1393 2577 oderunt
1429 2547 1578 2588 pacem
1613 2545 1730 2573 eram

192 2609 416 2660 pacificus:
448 2621 545 2647 cum
573 2608 776 2659 loquebar
803 2607 894 2654 illis,
924 2606 1236 2658 impugnabant
1265 2617 1332 2643 me
1360 2601 1563 2654 gratis,'’2
1591 2600 1635 2639 id
1663 2602 1727 2638 est

193 2675 280 2714 sine
297 2687 436 2714 causa.
495 2674 619 2725 Quod
637 2674 670 2713 si
687 2674 796 2712 forte
813 2686 838 2712 a
854 2672 1145 2712 familiaritate
1162 2672 1401 2722 aliquarum
1418 2667 1729 2707 carissimarum

194 2746 366 2780 tuarum
385 2754 460 2792 pro
481 2741 623 2791 aliqua
634 2739 877 2779 rationabili
891 2752 1018 2778 causa
1030 2739 1098 2777 vel
1111 2738 1221 2776 vicio
1234 2737 1313 2776 tibi
1329 2736 1372 2775 in
1385 2736 1478 2786 ipsa
1492 2730 1730 2784 displicenti

196 2808 451 2859 quandoque
481 2807 585 2846 velis
615 2806 812 2858 separari,
845 2819 948 2844 cave
978 2818 1031 2844 ne
1061 2816 1252 2855 unquam
1282 2801 1500 2841 irascendo
1530 2799 1598 2838 vel
1629 2798 1732 2836 dure

245 2923 286 2955 11
309 2926 387 2956 Pet.
411 2932 440 2954 11
462 2923 505 2956 ¹⁸.

246 2968 259 2987 ²
275 2970 332 3001 Ps.
358 2976 459 2999 CXIX
481 2968 505 3000 ⁷.
