1934 3260
125 973 172 1000 10

122 1634 172 1662 20

123 2294 174 2331 30

247 243 292 271 10
620 228 679 267 IN
686 227 961 267 STRUCTIO
1001 228 1095 266 PIE
1133 228 1375 268 VIVENDI

239 367 312 402 tue
340 359 580 411 fragilitatis
606 371 769 409 egressa
797 371 880 397 non
908 358 1046 405 fueris,
1077 359 1149 398 sed
1176 359 1386 399 vilitatem
1414 366 1486 399 tue
1513 360 1767 399 conditionis

239 429 402 467 intente
432 425 561 464 oculis
591 424 726 463 cordis
757 425 967 475 aspexeris
997 429 1039 464 et
1069 425 1220 475 iugiter
1249 425 1293 464 in
1322 439 1423 464 vera
1453 426 1691 465 humilitate
1722 432 1767 464 te

239 492 435 538 tenueris,
461 491 513 530 de
536 491 628 529 luto
650 495 691 529 et
717 491 978 541 sterquilinio
1001 495 1077 530 tuo
1101 491 1451 542 preciosissimum
1474 504 1624 530 aurum
1648 491 1762 538 facis,

240 571 392 599 aurum
418 558 594 609 inquam
623 556 869 595 delectabile
901 557 1039 608 (146b)
1071 561 1113 595 et
1143 557 1380 607 gloriosum,
1412 562 1541 608 atque
1570 557 1768 608 angelicis

241 624 437 664 manibus
480 623 523 662 in
569 622 711 661 celesti
754 623 954 661 thesauro
998 623 1310 673 deportandum
1355 628 1397 662 et
1442 623 1768 662 recondendum.

242 692 335 731 Hoc
364 690 509 741 itaque
538 689 758 739 diligenter
787 689 1058 739 intelligendo
1088 689 1307 728 humiliare
1337 690 1415 728 sub
1445 689 1611 740 potenti
1639 702 1771 728 manu

241 757 332 803 Dei,
359 761 408 795 ut
433 761 476 795 te
501 755 660 795 exaltet
685 755 727 793 in
753 755 820 794 die
844 755 1112 801 visitationis,
1141 755 1241 806 quia
1265 755 1401 794 omnis
1426 756 1498 806 qui
1523 755 1772 794 humiliatus

241 823 380 868 fuerit,
406 822 485 861 erit
507 822 550 860 in
575 821 717 872 gloria.
732 821 747 845 1
802 821 870 860 Ad
893 821 1155 860 occidentem
1178 821 1308 860 etiam
1330 821 1439 867 vide,
1466 820 1773 860 considerando

241 889 401 929 solicite
421 889 547 927 finem
567 893 703 933 tuum,
726 887 862 938 qualis
882 892 985 926 tunc
1005 900 1048 926 es
1068 887 1224 933 futura,
1247 900 1377 938 quam
1397 887 1617 933 horribilis,
1641 899 1772 938 quam

240 955 398 1008 pallida
428 967 525 993 cum
556 953 665 992 oculi
695 953 956 999 claudentur,
990 958 1032 992 et
1064 966 1185 992 aures
1215 954 1367 993 auditu
1398 953 1692 1004 privabuntur,
1728 957 1770 992 et

239 1035 361 1061 nares
393 1021 675 1066 retrahentur,
713 1032 771 1066 OS,
799 1019 952 1069 lingua,
990 1024 1138 1069 guttur
1173 1019 1258 1058 suis
1293 1020 1437 1058 officiis
1471 1019 1770 1058 destituentur.

240 1089 392 1127 Manus
420 1099 505 1125 non
535 1086 785 1137 palpabunt,
819 1085 945 1136 pedes
974 1098 1059 1123 non
1090 1086 1384 1131 ambulabunt,
1417 1085 1598 1136 denique
1628 1089 1772 1124 totum

241 1167 404 1205 corpus,
435 1153 552 1192 velut
582 1157 757 1191 truncus
786 1155 1004 1190 emortuus
1032 1155 1074 1190 et
1104 1151 1285 1190 cadaver
1314 1151 1451 1190 fetens
1479 1156 1521 1190 et
1552 1151 1772 1202 putridum

241 1221 295 1259 ab
316 1219 512 1259 omnibus
532 1219 639 1257 caris
659 1217 861 1269 proximis
882 1222 924 1256 et
945 1217 1058 1256 notis
1077 1217 1340 1269 relinquitur,
1364 1222 1406 1256 et
1428 1217 1580 1256 subtus
1599 1221 1768 1262 terram,

240 1300 292 1325 ne
334 1287 473 1337 ipsum
516 1297 586 1323 aer
628 1297 677 1323 eo
720 1288 1027 1334 corrumpatur,
1073 1283 1271 1322 citissime
1315 1283 1599 1322 abscondetur
1642 1287 1772 1333 atque

241 1352 533 1392 devorandum
560 1350 775 1389 vermibus
803 1350 1057 1401 proiicietur.
1116 1350 1158 1390 Si
1187 1351 1262 1389 hec
1290 1350 1456 1389 intento
1485 1350 1605 1388 oculo
1635 1348 1773 1387 cordis

239 1419 448 1458 instanter
478 1416 739 1456 considerare
770 1416 962 1462 volueris,
995 1416 1050 1454 ab
1080 1416 1276 1454 omnibus
1306 1416 1490 1467 peccatis
1520 1420 1562 1454 et
1592 1414 1768 1454 terrenis

241 1498 289 1524 ac
334 1483 638 1535 temporalibus
682 1483 807 1521 rebus
852 1482 902 1521 de
948 1482 1069 1521 facile
1114 1482 1358 1521 abstinebis.
1417 1481 1484 1520 Ad
1528 1481 1769 1532 aquilonem

241 1564 409 1603 quoque
426 1550 535 1596 vide,
556 1562 686 1600 penas
702 1549 854 1587 inferni
871 1549 1037 1587 assidue
1054 1548 1544 1594 considerando,luctum
1561 1552 1766 1592 eternum,

240 1617 437 1657 tenebras
452 1615 731 1660 densissimas,
749 1615 879 1665 frigus
894 1614 1169 1660 intolerabile,
1188 1619 1350 1653 atroces
1365 1614 1511 1653 vultus
1526 1613 1767 1658 demonum,

241 1684 399 1723 bestias
449 1686 491 1721 et
543 1686 757 1733 serpentes
806 1681 1063 1720 incessanter
1114 1680 1394 1726 corrodentes,
1447 1692 1635 1718 vermem
1684 1691 1769 1717 non

240 1749 532 1794 morientem,2
567 1748 707 1798 ignem
742 1760 827 1785 non
865 1747 1184 1797 extinguentem
1220 1750 1263 1786 et
1300 1751 1440 1785 cetera
1474 1744 1771 1784 inenarrabilia

240 1820 455 1856 tormenta
509 1814 596 1853 sine
649 1813 1136 1864 inter-(147a)-missione
1190 1812 1450 1851 meditando.
1510 1812 1604 1850 Ibi3
1658 1811 1770 1849 enim

241 1883 319 1921 erit
336 1894 448 1920 mors
463 1880 550 1919 sine
566 1884 713 1926 morte,
733 1880 826 1918 finis
842 1880 930 1918 sine
947 1880 1040 1918 fine.
1101 1879 1166 1918 Ibi
1181 1891 1257 1917 nec
1275 1878 1347 1930 qui
1362 1882 1533 1930 torquet
1550 1877 1767 1928 fatigatur,

241 1961 317 1987 nec
351 1948 423 1999 qui
455 1950 678 1997 torquetur
711 1946 901 1984 moritur.
961 1946 1027 1983 Ibi
1060 1945 1359 1984 desiderabunt
1393 1944 1500 1983 mori
1533 1942 1767 1994 dampnati,

242 2020 285 2054 et
311 2015 442 2064 fugiet
469 2025 582 2051 mors
608 2012 662 2050 ab
688 2011 789 2051 eis.4
845 2011 911 2050 Ibi
936 2012 1014 2050 erit
1041 2011 1180 2050 luctus
1206 2016 1248 2049 et
1275 2011 1399 2049 fletus
1425 2009 1701 2049 intolerabilis
1727 2012 1769 2048 et

242 2080 396 2120 stridor
430 2079 651 2118 dentium⁵
684 2077 970 2116 amarissimus
1004 2082 1047 2116 et
1082 2077 1384 2116 inenarrabilis.
1441 2076 1560 2115 Time
1595 2079 1637 2114 et
1673 2087 1769 2114 con-

242 2146 434 2186 tremisce
470 2157 633 2195 semper
668 2143 783 2190 talia,
823 2148 865 2183 et
902 2143 1241 2194 quantiscunque
1276 2142 1509 2182 virtutibus
1545 2146 1588 2180 et
1624 2140 1771 2192 gratiis

241 2212 450 2264 replearis,
498 2223 719 2262 nunquam
763 2222 909 2249 secura
953 2214 1056 2248 esto.
1116 2209 1158 2249 Si
1203 2209 1315 2248 enim
1360 2209 1544 2259 aliquem
1589 2207 1770 2258 gratiam

243 2277 453 2329 accepisti,
464 2277 566 2316 time
579 2289 630 2315 ne
643 2276 812 2326 indigne
825 2276 1006 2327 opereris
1018 2289 1070 2314 ex
1082 2288 1143 2321 ea,
1154 2275 1228 2314 sed
1240 2276 1275 2314 si
1287 2275 1508 2314 subtracta
1519 2273 1657 2319 fuerit,
1668 2273 1770 2312 time

242 2349 448 2398 tanquam
463 2356 563 2381 mox
580 2354 745 2381 casura:
767 2342 801 2380 si
813 2355 913 2380 vero
927 2342 1064 2381 denuo
1077 2341 1258 2388 redierit,
1273 2341 1377 2380 time
1388 2354 1441 2379 ne
1453 2341 1607 2379 iterum
1620 2338 1771 2390 perdas

242 2416 284 2450 et
306 2410 490 2449 deterius
510 2408 756 2459 contingat6
776 2408 868 2447 tibi.
928 2408 1045 2447 Felix
1065 2421 1108 2447 es
1129 2408 1163 2446 si
1183 2408 1262 2446 hoc
1283 2406 1438 2458 triplici
1466 2406 1617 2445 timore
1640 2404 1768 2443 fueris

241 2477 413 2528 repleta,
437 2475 537 2527 quia
556 2487 776 2526 nunquam
797 2474 848 2513 de
868 2478 911 2513 te
932 2487 1158 2525 presumes,
1180 2473 1254 2513 sed
1274 2485 1437 2524 semper
1457 2472 1536 2511 eris
1556 2472 1599 2510 in
1619 2471 1770 2510 timore

242 2543 440 2594 perfecta,
471 2545 513 2580 et
543 2541 694 2580 beatus
722 2540 850 2579 homo
879 2540 952 2592 qui
979 2553 1142 2591 semper
1170 2543 1234 2579 est
1262 2539 1456 2591 pavidus.
1516 2537 1597 2589 Qui
1625 2540 1770 2576 autem

289 2669 301 2688 1
318 2671 402 2701 Luc.
428 2676 496 2698 X1v
516 2667 556 2699 11.

288 2713 302 2732 ²
319 2715 362 2745 Is.
389 2720 483 2742 LXVI
508 2711 547 2743 ²4.

289 2757 302 2777 ³
316 2759 368 2789 Cf.
388 2756 402 2797 ξ
426 2763 609 2786 xxxvm:
632 2756 735 2795 Greg.
760 2756 883 2787 Moral.
906 2753 983 2795 1x§
1008 2756 1082 2787 100.
1135 2754 1267 2795 Migne,
1290 2753 1374 2786 P.L.
1395 2760 1506 2783 Lxxv
1527 2750 1581 2783 ⁹¹⁵.

289 2802 302 2821 4
317 2804 428 2842 Apoc.
452 2808 496 2830 rx
517 2799 539 2831 ⁶.

289 2846 301 2865 ⁵
317 2847 423 2877 Matr.
449 2851 518 2873 vm
544 2842 571 2861 ¹²
593 2846 631 2874 et
654 2844 698 2874 al.

286 2890 416 2923 6Ιοεηι.
440 2896 465 2919 ν
487 2886 527 2920 ¹⁴.
