1934 3260
144 1062 191 1090 10

141 1726 192 1755 20

142 2390 192 2428 30

147 2718 198 2759 35

669 274 740 312 ET
767 273 1031 314 SUPERNA
1058 277 1383 317 MEDITANDI
1751 286 1802 325 25

262 422 438 449 manum
458 407 526 447 vel
546 406 728 457 digitum
748 406 966 453 extendas,
990 407 1078 447 sive
1100 409 1151 448 de
1172 409 1306 460 digito
1325 409 1393 448 vel
1413 421 1544 447 manu
1563 408 1606 446 in
1627 420 1803 446 manum

264 489 337 515 seu
366 475 422 514 ad
451 475 588 513 femur
617 472 685 511 vel
718 471 853 523 (159a)
887 473 988 512 alibi
1018 475 1242 525 percutias,
1276 475 1376 526 quia
1405 475 1489 514 ista
1518 478 1618 513 sunt
1647 473 1804 513 indicia

263 543 450 581 frontose
489 538 684 578 monialis
722 542 764 577 et
804 539 1004 589 procacis.
1062 541 1233 580 Nemini
1272 541 1463 580 similiter
1502 540 1574 579 des
1612 553 1804 591 unquam

264 608 391 647 fidem
430 605 685 651 manualem,
728 617 804 643 nec
844 618 997 645 manus
1036 620 1227 658 unquam
1268 608 1355 647 sine
1396 611 1512 646 certa
1551 606 1803 645 necessitate

263 674 422 713 habeas
441 673 741 723 discoopertas,
764 671 838 710 sed
856 673 1066 723 scapulari
1086 679 1160 713 aut
1181 674 1346 713 cuculla
1364 686 1528 725 semper
1547 672 1805 724 operiantur,

263 741 373 780 sicut
389 740 509 779 decet
526 738 754 777 monialem
770 750 943 789 corpore
959 743 1001 778 et
1018 744 1161 779 mente
1178 745 1372 779 sanctam
1388 745 1518 791 atque
1535 739 1806 790 pudoratam.

262 868 330 899 DE
352 866 545 898 HABITU
567 865 827 897 CORPORIS.
1382 866 1672 898 CAPITULUM
1694 865 1797 896 XVI.

315 917 504 956 Habitus
531 915 662 955 etiam
690 915 825 954 totius
852 915 1038 966 corporis
1066 916 1227 956 solicite
1255 920 1319 956 est
1347 915 1662 961 custodiendus,
1685 927 1737 954 ne
1765 914 1809 953 in

261 996 310 1022 eo
344 982 506 1034 aliquid
539 986 745 1033 appareat
780 981 892 1021 unde
927 982 1006 1021 alie
1039 983 1192 1022 merito
1227 982 1594 1022 scandalizentur:
1631 985 1805 1032 propter

261 1049 377 1101 quod
397 1049 584 1088 incessus
606 1061 691 1087 non
715 1048 769 1087 sit
791 1047 908 1094 levis,
933 1049 1082 1095 mollis,
1108 1049 1281 1095 fractus,
1306 1062 1441 1100 vagus
1463 1052 1539 1087 aut
1563 1048 1805 1094 dissolutus,

261 1116 334 1155 sed
367 1116 484 1162 lenis,
520 1114 673 1166 gravis,
710 1114 941 1161 modestus,
978 1115 1140 1162 tardus,
1178 1120 1442 1167 temperatus
1476 1119 1519 1154 et
1554 1114 1803 1165 pudoratus.

261 1182 422 1233 Corpus
458 1194 628 1234 quoque
664 1194 750 1220 non
788 1181 842 1220 sit
878 1181 1077 1221 instabile
1115 1187 1191 1221 aut
1227 1182 1480 1233 inquietum,
1520 1180 1594 1220 sed
1630 1180 1806 1219 circum-

260 1253 454 1300 spectum
494 1253 536 1287 et
576 1247 908 1298 disciplinatum.
968 1248 1147 1287 Humeri
1186 1253 1332 1287 autem
1370 1261 1456 1287 non
1496 1247 1580 1286 sint
1619 1246 1725 1286 recti
1763 1250 1807 1285 et

259 1315 385 1354 nimis
418 1314 553 1365 rigidi,
591 1314 665 1353 sed
699 1313 863 1353 modice
898 1315 1017 1353 curvi
1051 1319 1094 1354 et
1129 1315 1327 1366 depressi.
1387 1314 1552 1353 Collum
1587 1326 1686 1352 vero
1721 1325 1807 1351 non

260 1381 314 1421 sit
347 1381 608 1420 cervicosum
640 1384 684 1420 et
716 1384 953 1428 extensum,
988 1381 1063 1420 sed
1094 1381 1252 1420 humile
1285 1385 1327 1420 et
1359 1384 1607 1419 retractum.
1667 1379 1807 1430 Caput

260 1447 452 1487 similiter
475 1460 560 1486 non
585 1446 640 1486 sit
665 1446 972 1486 circumrotans
996 1451 1038 1487 et
1063 1452 1263 1493 erectum,
1291 1447 1364 1486 sed
1388 1446 1552 1485 modice
1577 1445 1807 1485 demissum

261 1518 303 1554 et
345 1514 612 1553 inclinatum,
672 1513 817 1552 Facies
858 1526 944 1552 non
987 1513 1042 1553 sit
1085 1527 1208 1565 vaga,
1253 1513 1358 1553 levis
1400 1517 1442 1552 et
1485 1513 1688 1558 frontosa,
1733 1511 1808 1550 sed

261 1580 468 1627 modesta,
490 1580 670 1631 simplex
689 1584 731 1619 et
751 1580 1007 1619 columbina.
1066 1580 1261 1619 Amictus
1281 1592 1450 1631 quoque
1469 1578 1601 1631 ipsius
1621 1577 1808 1629 corporis

262 1660 347 1686 non
385 1647 440 1686 sit
477 1647 726 1698 superfluus,
767 1646 841 1685 sed
877 1646 1088 1685 sufficiens
1124 1652 1168 1686 et
1204 1651 1482 1698 temperatus.
1542 1645 1672 1696 Pepla
1708 1656 1806 1695 ergo

262 1713 350 1753 sive
379 1713 476 1752 vela
505 1717 581 1752 aut
612 1701 752 1752 cetera
781 1713 1034 1752 indumenta
1063 1726 1149 1752 non
1180 1713 1264 1752 sint
1296 1712 1485 1764 preciosa
1514 1724 1651 1762 neque
1682 1710 1807 1749 nimis

261 1780 374 1826 vilia,
399 1779 473 1819 sed
494 1779 737 1818 communia
758 1784 800 1818 et
822 1779 1051 1818 mediocria
1071 1792 1078 1818 :
1102 1792 1187 1818 non
1210 1778 1381 1818 sordida
1402 1786 1477 1818 aut
1499 1777 1624 1816 nimis
1646 1777 1804 1828 pulcra,

262 1846 466 1897 quoniam
509 1846 692 1885 alterum
735 1845 863 1896 negli-
910 1846 1049 1897 (159b)
1096 1845 1303 1897 -gentiam
1347 1845 1435 1884 sive
1478 1843 1805 1895 gloriositatem1

260 1912 435 1958 redolet,
460 1913 640 1951 alteram
661 1924 763 1951 vero
785 1912 1077 1951 curiositatem
1096 1925 1103 1951 :
1129 1911 1338 1963 exquisite
1361 1911 1474 1950 enim
1495 1909 1708 1949 mundicie
1731 1913 1808 1948 aut

261 1980 462 2018 affectate
506 1979 650 2018 sordes
693 1978 867 2018 minime
912 1978 1065 2018 decent
1108 1978 1349 2017 monialem.
1407 1977 1505 2016 Non
1551 1976 1635 2015 sint
1680 1975 1806 2014 nimis

260 2046 387 2096 longa
411 2049 453 2084 et
480 2044 711 2084 defluentia
736 2058 861 2096 super
885 2049 1057 2092 terram,
1085 2045 1186 2096 quia
1210 2057 1296 2083 non
1321 2044 1442 2083 decet
1467 2039 1695 2082 monialem
1719 2054 1808 2081 esse

261 2111 525 2158 caudatam‚²
543 2125 620 2150 nec
638 2111 769 2151 etiam
789 2112 873 2151 sint
892 2111 1018 2150 nimis
1036 2116 1170 2158 curta,
1193 2111 1265 2150 sed
1284 2110 1395 2149 circa
1412 2110 1522 2149 talos
1541 2108 1808 2148 mediocriter

260 2183 520 2217 mensurata.
580 2178 795 2218 Sotulares
823 2191 993 2229 quoque
1021 2191 1106 2217 non
1136 2178 1220 2216 sint
1249 2177 1374 2215 nimis
1403 2176 1540 2215 stricti
1568 2180 1610 2214 et
1640 2174 1804 2221 curiosi,

262 2245 335 2284 sed
380 2244 511 2296 ampli
555 2249 597 2284 et
643 2244 841 2284 ordinati.
901 2244 1087 2295 Corrigia
1131 2257 1231 2283 vero
1277 2243 1492 2293 cingulum
1537 2246 1579 2281 et
1624 2241 1808 2291 ligatura

262 2311 423 2350 brachii
463 2310 619 2350 minuti
659 2323 708 2349 ac
748 2311 912 2357 similia,
954 2324 1040 2350 non
1081 2310 1165 2350 sint
1206 2309 1488 2349 diversimode
1529 2308 1699 2359 depicta
1739 2307 1807 2345 vel

261 2377 422 2417 curiose
453 2377 634 2417 assuta.3
689 2377 741 2416 In
772 2377 852 2416 hiis
883 2381 1029 2417 autem
1060 2381 1104 2416 et
1134 2376 1177 2415 in
1210 2376 1407 2415 omnibus
1437 2374 1638 2427 predictis
1666 2373 1805 2420 rebus,

263 2456 426 2495 semper
461 2456 559 2482 ama
593 2443 960 2491 communitatem,
998 2448 1041 2483 et
1077 2443 1238 2482 solicite
1274 2442 1420 2481 devita
1454 2440 1687 2480 notabilem
1723 2439 1804 2477 dis-

263 2509 597 2549 similitudinem.
657 2510 772 2549 Letis
802 2510 934 2549 etiam
964 2523 1049 2549 non
1080 2509 1206 2548 nimis
1236 2508 1389 2555 leteris,
1423 2512 1465 2546 et
1496 2506 1690 2546 tristibus
1720 2518 1804 2544 non

263 2576 388 2615 nimis
442 2576 717 2615 contristeris.
774 2576 1122 2616 Adversitatibus
1176 2588 1261 2614 non
1316 2573 1534 2624 frangaris,
1592 2576 1634 2611 et
1690 2584 1805 2622 pros-

264 2642 520 2694 peritatibus
559 2655 782 2694 nunquam
823 2642 1052 2682 extollaris.
1111 2643 1168 2681 Et
1211 2646 1259 2680 ut
1301 2640 1487 2680 breviter
1528 2639 1719 2683 inferam,
1764 2637 1807 2675 in

266 2709 381 2748 omni
408 2709 512 2755 loco,
544 2709 660 2747 omni
687 2714 891 2761 tempore,
924 2709 1039 2748 omni
1067 2709 1183 2754 hora,
1214 2720 1300 2746 uno
1328 2707 1561 2756 eodemque
1591 2704 1718 2743 modo
1746 2703 1809 2742 ita

314 2868 326 2887 1
343 2869 408 2900 Ms.
441 2869 639 2908 gloriosam

315 2912 328 2931 2
345 2913 563 2949 Salimbene,
585 2913 706 2945 Chron
729 2923 735 2944 :
755 2924 829 2945 von
850 2913 984 2953 Hfigel,
1007 2912 1026 2923 “
1047 2912 1152 2943 Saint
1172 2911 1398 2942 Bernardine
1417 2910 1455 2941 of
1475 2906 1621 2944 Siena‚''
1641 2917 1675 2948 p.
1700 2907 1775 2938 150.

316 2956 329 2975 ³
346 2958 493 2997 Regest.
522 2958 671 2989 Visitat.
702 2958 871 2999 Archiep.
903 2956 1213 2996 Rothomagensis
1241 2955 1310 2986 sub
1338 2964 1435 2986 anno
1467 2953 1567 2983 1250.
