1934 3260
147 1035 192 1061 10

150 2688 197 2726 35

254 262 305 302 28
667 260 1004 298 INSTRL'CTIO
1029 260 1121 297 PIE
1146 260 1384 299 VIVENDI

256 400 401 432 autem
427 393 459 430 si
486 393 560 430 hec
586 391 728 429 omnia
756 390 894 441 (161b)
935 390 1156 441 diligenter
1180 391 1397 441 recogites,
1436 389 1572 428 omnis
1596 388 1794 439 superbia

256 473 280 498 a
309 459 432 497 corde
461 463 536 496 tuo
564 462 772 507 tanquam
802 457 943 495 fumus
970 462 1208 496 evanescet.

258 587 325 616 DE
352 585 489 614 YANA
517 584 716 614 GLORIA.
1366 581 1655 614 CAPITULUM
1683 580 1790 611 XIX.

313 635 348 673 V
352 647 434 672 ana
462 633 593 683 gloria
622 632 655 670 si
684 632 798 670 cordi
828 638 903 670 tuo
931 632 1130 671 insederit
1160 637 1339 671 ventosa
1367 636 1458 671 est:
1489 643 1541 669 ne
1570 629 1715 669 credas
1743 629 1793 668 ei.

260 701 350 739 Hec
374 712 474 738 vero
498 699 603 737 solet
626 698 742 736 nasci
766 698 817 737 de
842 698 963 736 bonis
986 698 1183 748 operibus
1206 711 1302 737 cum
1327 711 1399 749 per
1422 696 1650 748 ypocrisim
1674 696 1795 742 fiunt,

260 771 308 805 ut
355 766 447 816 ipsa
491 765 748 815 acquiratur,
796 764 884 803 sive
929 777 1025 802 cum
1070 764 1222 815 aliquis
1267 763 1439 815 aliquod
1483 763 1644 801 bonum
1689 761 1802 800 bona

260 832 495 871 intentione
534 830 750 881 inceperit.
793 835 834 869 et
875 843 971 868 cum
1010 830 1046 869 ei
1086 830 1361 881 postmodum
1400 830 1538 881 placet
1578 833 1627 867 ut
1666 827 1799 866 mani-

261 899 451 944 festetur,
484 897 550 935 vel
580 897 710 935 etiam
741 909 836 935 cum
868 896 918 934 de
949 896 1090 947 aliquo
1121 897 1232 935 bono
1263 909 1387 947 opere
1417 895 1570 946 aliquis
1599 893 1800 932 laudatur

261 969 304 1003 et
331 964 428 1002 inde
457 963 672 1013 gloriatur,
704 967 778 1001 aut
808 962 950 1013 aliquo
978 968 1159 1001 exeunte
1188 963 1230 1001 in
1260 962 1450 1001 oratione
1478 961 1545 999 vel
1573 959 1800 999 devotione

261 1035 303 1069 et
340 1030 376 1069 ei
413 1043 437 1068 a
473 1028 803 1079 cogitationibus
839 1028 924 1066 suis
960 1028 1114 1067 dicitur
1151 1028 1422 1079 suggerendo,
1463 1028 1485 1040 “
1506 1028 1541 1066 O
1579 1026 1613 1065 si
1649 1025 1800 1076 aliquis

262 1096 328 1134 hic
362 1101 404 1135 te
437 1095 613 1140 videret,
650 1108 731 1146 que
764 1095 806 1132 in
841 1095 1007 1133 occulto
1041 1094 1140 1145 agis,
1177 1095 1333 1133 scilicet
1368 1106 1498 1145 quam
1531 1091 1800 1131 abundanter

262 1163 413 1213 ploras,
441 1161 655 1212 quomodo
679 1161 821 1211 gemis,
849 1165 1106 1211 agnosceret,
1134 1160 1348 1211 quomodo
1373 1164 1500 1211 putas
1524 1163 1567 1198 te
1590 1158 1797 1204 laudaret,

262 1233 303 1267 et
334 1241 463 1279 quam
493 1240 695 1278 magnum
725 1231 768 1265 te
798 1226 1033 1277 predicaret
1054 1227 1101 1266 ?”
1161 1227 1203 1266 Si
1231 1226 1390 1265 talibus
1419 1225 1543 1264 miser
1573 1223 1797 1270 consentit,

262 1299 303 1334 et
339 1307 388 1333 ea
422 1298 641 1344 gratanter
675 1293 960 1344 amplectitur,
997 1297 1039 1332 et
1074 1306 1187 1331 vana
1221 1293 1353 1343 gloria
1386 1292 1429 1330 in
1465 1291 1588 1330 corde
1622 1290 1799 1329 latitans

262 1360 518 1406 demoratur,
554 1364 595 1398 et
628 1359 708 1397 nisi
740 1358 969 1410 penituerit
1002 1372 1026 1397 a
1058 1372 1159 1398 vera
1190 1359 1321 1409 gloria
1352 1358 1504 1396 merito
1536 1356 1797 1395 excludetur.

263 1426 357 1465 Hiis
389 1426 579 1477 pestibus
611 1425 732 1464 facile
764 1425 910 1464 multis
941 1425 1079 1463 modis
1109 1425 1331 1471 resistitur,
1366 1424 1400 1463 si
1432 1423 1569 1474 qualis
1600 1422 1655 1461 sit
1687 1434 1801 1460 vana

262 1492 394 1543 gloria
436 1496 602 1531 attente
645 1491 948 1530 consideratur.
1007 1491 1175 1530 Primo:
1221 1491 1321 1542 quia
1364 1490 1506 1528 omnia
1548 1489 1672 1534 bona,
1718 1500 1800 1538 que

263 1563 448 1609 aguntur
500 1571 575 1608 pro
627 1558 715 1596 sola
765 1557 1001 1596 intentione
1052 1557 1246 1604 faciendi,
1301 1556 1573 1595 amittuntur.
1632 1554 1801 1593 Ieiunat

264 1625 388 1670 enim,
430 1624 591 1674 vigilat,
634 1623 788 1674 psallit,
831 1623 998 1662 laborat
1038 1628 1080 1662 et
1121 1628 1260 1662 cetera
1300 1623 1412 1661 bona
1451 1621 1554 1660 facit
1593 1620 1800 1672 ypocrita,

264 1691 372 1729 sicut
400 1695 441 1729 et
469 1690 618 1735 iustus,
649 1689 722 1728 sed
748 1702 833 1728 non
860 1702 909 1728 ea
935 1689 1172 1728 intentione
1200 1702 1285 1740 qua
1310 1689 1461 1727 iustus.
1521 1688 1665 1726 Iustus
1691 1685 1804 1725 enim

265 1757 339 1795 hec
367 1756 455 1807 agit
484 1769 559 1807 pro
587 1768 688 1794 vera
714 1755 846 1806 gloria
873 1755 1158 1806 adipiscenda,
1188 1755 1383 1806 ypocrita
1409 1767 1510 1793 vero
1538 1752 1803 1792 solummodo

265 1836 340 1874 pro
365 1835 504 1861 vana:
533 1827 574 1861 et
601 1821 804 1872 quicquid
829 1826 958 1872 agant
987 1821 1123 1872 (roza)
1151 1821 1333 1860 intentio
1358 1821 1518 1859 iudicat
1545 1832 1702 1858 omnes.
1762 1817 1804 1857 Si

265 1889 431 1940 sapiens
470 1902 524 1934 es,
565 1901 720 1938 magna
759 1888 944 1926 stultitia
982 1888 1061 1926 tibi
1099 1901 1187 1927 esse
1225 1888 1407 1933 videtur,
1449 1886 1564 1937 quod
1602 1898 1678 1936 pro
1716 1884 1804 1922 sola

263 1955 500 1993 intentione
534 1959 601 1993 tot
634 1954 799 1992 labores
832 1958 873 1992 et
908 1954 1081 1993 sudores
1114 1954 1387 1992 amittuntur.
1447 1952 1666 1992 Secundo:
1704 1950 1805 2001 quia

264 2020 390 2059 nimis
424 2020 605 2059 stultum
640 2024 703 2058 est
739 2020 957 2070 angustias
991 2025 1032 2058 et
1067 2020 1232 2058 labores
1267 2032 1364 2058 suos
1397 2018 1550 2069 linguis
1583 2017 1805 2056 hominum

266 2086 531 2125 committere
557 2085 868 2131 custodiendos,
898 2099 979 2136 que
1004 2086 1122 2125 velut
1149 2085 1312 2124 arundo
1338 2089 1464 2136 prout
1491 2097 1594 2123 aura
1620 2082 1805 2122 secunda

266 2153 333 2191 vel
356 2152 568 2191 contraria
591 2152 769 2197 flaverit,
796 2151 850 2190 ad
874 2152 1209 2190 benedicendum
1233 2151 1320 2190 sive
1343 2149 1682 2189 maledicendum
1705 2151 1804 2186 sunt

267 2223 427 2270 parate.
485 2219 549 2257 Tu
576 2222 733 2264 autem,
763 2217 797 2256 si
823 2217 951 2256 michi
977 2218 1123 2264 credis,
1152 2222 1250 2257 tuos
1276 2217 1319 2256 in
1346 2217 1544 2255 manibus
1571 2214 1713 2267 sponsi
1740 2213 1805 2253 tui

268 2285 363 2323 Iesu
415 2284 569 2323 Christi
620 2296 797 2335 repones
849 2284 1172 2330 conservandos,
1228 2283 1301 2334 qui
1352 2282 1433 2322 tibi
1484 2294 1555 2321 eos
1607 2280 1804 2320 restituet

266 2350 587 2401 centuplicatos.
644 2350 818 2389 Tercio:
853 2350 953 2400 quia
984 2350 1093 2389 forte
1125 2362 1286 2401 pauper
1317 2362 1360 2388 es
1390 2353 1433 2388 et
1466 2347 1614 2387 debilis
1644 2351 1687 2386 et
1718 2359 1804 2384 non

268 2421 388 2467 potes
413 2417 598 2455 multum
622 2415 855 2454 laborando
882 2416 1063 2466 plurima
1088 2427 1352 2466 congregare,
1379 2419 1422 2454 et
1447 2414 1542 2453 ideo
1566 2426 1651 2452 non
1678 2411 1805 2451 debes

267 2483 346 2520 hoc
377 2482 591 2520 modicum
623 2482 738 2533 quod
769 2481 900 2520 habes
931 2495 1006 2533 pro
1038 2487 1129 2521 tam
1160 2481 1315 2520 nichilo
1347 2480 1531 2532 perdere,
1565 2479 1638 2518 sed
1668 2478 1805 2516 multo

268 2548 434 2586 cautius
462 2552 503 2587 et
533 2547 736 2587 solicitius
764 2547 988 2587 custodire.
1046 2548 1177 2587 Dives
1204 2547 1316 2586 enirn
1344 2547 1378 2585 si
1406 2545 1602 2585 ceciderit
1630 2543 1805 2583 habebit

268 2614 426 2652 multos
465 2614 691 2660 adiutores,
734 2626 895 2664 pauper
933 2627 1034 2653 vero
1073 2614 1107 2652 si
1146 2612 1348 2652 corruerit
1387 2625 1473 2650 non
1512 2610 1699 2650 inveniet
1739 2609 1807 2648 vel

268 2692 401 2718 unum
427 2680 756 2718 sublevantem}
813 2679 1002 2730 Quarto:
1031 2679 1065 2718 si
1091 2684 1181 2718 tam
1207 2678 1329 2717 fortis
1354 2691 1463 2717 esses
1489 2690 1619 2729 quam
1645 2677 1807 2716 Sanson

269 2745 362 2791 fuit,
402 2749 547 2784 tamen
584 2758 635 2784 ex
672 2745 776 2784 totis
812 2745 974 2784 viribus
1009 2745 1095 2784 tuis
1130 2757 1215 2783 non
1252 2757 1395 2795 posses
1431 2742 1659 2795 promereri
1694 2741 1807 2780 unde

270 2815 444 2862 peccata
465 2816 552 2856 tua,
576 2811 772 2861 quamvis
792 2811 968 2850 minima
988 2811 1138 2857 forent,
1162 2810 1412 2856 delerentur,
1434 2809 1514 2848 nisi
1534 2821 1607 2860 per
1626 2807 1808 2858 gratiam

318 2936 390 2969 lcf.
416 2937 552 2969 Eccles.
578 2936 674 2968 1v¹⁰z
702 2938 845 2969 Ancren
871 2939 995 2974 Riwle,
1020 2938 1182 2969 Camden
1209 2936 1311 2977 Socy.
1337 2937 1424 2968 edit.
1450 2946 1483 2977 p.
1510 2936 1588 2967 253.
