<?xml version="1.0" encoding="UTF-8"?>
<!DOCTYPE html PUBLIC "-//W3C//DTD XHTML 1.0 Transitional//EN"
    "http://www.w3.org/TR/xhtml1/DTD/xhtml1-transitional.dtd">
<html xmlns="http://www.w3.org/1999/xhtml" xml:lang="en" lang="en">
 <head>
  <title>
</title>
<meta http-equiv="Content-Type" content="text/html;charset=utf-8" />
  <meta name='ocr-system' content='tesseract 3.04.00' />
  <meta name='ocr-capabilities' content='ocr_page ocr_carea ocr_par ocr_line ocrx_word'/>
</head>
<body>
  <div class='ocr_page' id='page_1' title='image "./instructiopieviv01brituoft/instructiopieviv01brituoft_0081.png"; bbox 0 0 2001 3250; ppageno 0'>
   <div class='ocr_carea' id='block_1_1' title="bbox 0 2670 6 3250">
    <p class='ocr_par' dir='ltr' id='par_1_1' title="bbox 0 2670 6 3250">
     <span class='ocr_line' id='line_1_1' title="bbox 0 2670 6 3250; baseline 0 0"><span class='ocrx_word' id='word_1_1' title='bbox 0 2670 6 3250; x_wconf 95' lang='lat' dir='ltr'> </span> 
     </span>
    </p>
   </div>
   <div class='ocr_carea' id='block_1_2' title="bbox 106 1007 153 1034">
    <p class='ocr_par' dir='ltr' id='par_1_2' title="bbox 106 1007 153 1034">
     <span class='ocr_line' id='line_1_2' title="bbox 106 1007 153 1034; baseline 0.021 -1"><span class='ocrx_word' id='word_1_2' title='bbox 106 1007 153 1034; x_wconf 87' lang='lat'>10</span> 
     </span>
    </p>
   </div>
   <div class='ocr_carea' id='block_1_3' title="bbox 107 1762 155 1791">
    <p class='ocr_par' dir='ltr' id='par_1_3' title="bbox 107 1762 155 1791">
     <span class='ocr_line' id='line_1_3' title="bbox 107 1762 155 1791; baseline -0.021 0"><span class='ocrx_word' id='word_1_3' title='bbox 107 1762 155 1791; x_wconf 83' lang='lat'>20</span> 
     </span>
    </p>
   </div>
   <div class='ocr_carea' id='block_1_4' title="bbox 111 2092 160 2132">
    <p class='ocr_par' dir='ltr' id='par_1_4' title="bbox 111 2092 160 2132">
     <span class='ocr_line' id='line_1_4' title="bbox 111 2092 160 2132; baseline 0 0"><span class='ocrx_word' id='word_1_4' title='bbox 111 2092 160 2132; x_wconf 89' lang='lat'>25</span> 
     </span>
    </p>
   </div>
   <div class='ocr_carea' id='block_1_5' title="bbox 618 260 1751 302">
    <p class='ocr_par' dir='ltr' id='par_1_5' title="bbox 618 260 1751 302">
     <span class='ocr_line' id='line_1_5' title="bbox 618 260 1751 302; baseline -0.001 -2"><span class='ocrx_word' id='word_1_5' title='bbox 618 260 692 300; x_wconf 89' lang='lat' dir='ltr'>ET</span> <span class='ocrx_word' id='word_1_6' title='bbox 719 261 988 302; x_wconf 89' lang='lat' dir='ltr'><strong>SUPERNA</strong></span> <span class='ocrx_word' id='word_1_7' title='bbox 1014 261 1358 302; x_wconf 87' lang='lat' dir='ltr'>MEDITANDI.</span> <span class='ocrx_word' id='word_1_8' title='bbox 1702 260 1751 299; x_wconf 82' lang='lat'>61</span> 
     </span>
    </p>
   </div>
   <div class='ocr_carea' id='block_1_6' title="bbox 217 393 1762 1377">
    <p class='ocr_par' dir='ltr' id='par_1_6' title="bbox 217 393 1762 1377">
     <span class='ocr_line' id='line_1_6' title="bbox 217 393 1752 446; baseline -0.001 -14"><span class='ocrx_word' id='word_1_9' title='bbox 217 393 517 444; x_wconf 89' lang='lat' dir='ltr'>interpositum</span> <span class='ocrx_word' id='word_1_10' title='bbox 542 398 618 440; x_wconf 85' lang='lat' dir='ltr'>est,</span> <span class='ocrx_word' id='word_1_11' title='bbox 649 393 813 432; x_wconf 90' lang='lat' dir='ltr'>animas</span> <span class='ocrx_word' id='word_1_12' title='bbox 838 394 996 434; x_wconf 90' lang='lat' dir='ltr'>abditis</span> <span class='ocrx_word' id='word_1_13' title='bbox 1024 395 1300 446; x_wconf 73' lang='lat' dir='ltr'>receptaculis</span> <span class='ocrx_word' id='word_1_14' title='bbox 1326 398 1494 433; x_wconf 84' lang='lat' dir='ltr'>constat</span> <span class='ocrx_word' id='word_1_15' title='bbox 1534 393 1752 440; x_wconf 79' lang='lat' dir='ltr'>contineri,</span> 
     </span>
     <span class='ocr_line' id='line_1_7' title="bbox 220 460 1757 512; baseline 0.001 -14"><span class='ocrx_word' id='word_1_16' title='bbox 220 460 329 499; x_wconf 87' lang='lat' dir='ltr'>sicut</span> <span class='ocrx_word' id='word_1_17' title='bbox 368 472 649 511; x_wconf 81' lang='lat' dir='ltr'>unaquaeque</span> <span class='ocrx_word' id='word_1_18' title='bbox 689 460 817 511; x_wconf 80' lang='lat' dir='ltr'>digna</span> <span class='ocrx_word' id='word_1_19' title='bbox 855 465 919 500; x_wconf 89' lang='lat' dir='ltr'>est</span> <span class='ocrx_word' id='word_1_20' title='bbox 959 461 1027 500; x_wconf 91' lang='lat' dir='ltr'>vel</span> <span class='ocrx_word' id='word_1_21' title='bbox 1064 461 1208 512; x_wconf 91' lang='lat' dir='ltr'>requie</span> <span class='ocrx_word' id='word_1_22' title='bbox 1247 461 1314 500; x_wconf 87' lang='lat' dir='ltr'>vel</span> <span class='ocrx_word' id='word_1_23' title='bbox 1369 473 1546 500; x_wconf 91' lang='lat' dir='ltr'>erumna</span> <span class='ocrx_word' id='word_1_24' title='bbox 1592 473 1667 511; x_wconf 90' lang='lat' dir='ltr'>pro</span> <span class='ocrx_word' id='word_1_25' title='bbox 1706 473 1757 499; x_wconf 86' lang='lat' dir='ltr'>eo</span> 
     </span>
     <span class='ocr_line' id='line_1_8' title="bbox 221 526 1757 578; baseline -0.001 -13"><span class='ocrx_word' id='word_1_26' title='bbox 221 526 336 578; x_wconf 90' lang='lat' dir='ltr'>quod</span> <span class='ocrx_word' id='word_1_27' title='bbox 370 526 522 566; x_wconf 88' lang='lat' dir='ltr'>sortita</span> <span class='ocrx_word' id='word_1_28' title='bbox 556 531 620 565; x_wconf 88' lang='lat' dir='ltr'>est</span> <span class='ocrx_word' id='word_1_29' title='bbox 654 526 696 565; x_wconf 91' lang='lat' dir='ltr'>in</span> <span class='ocrx_word' id='word_1_30' title='bbox 732 539 856 566; x_wconf 88' lang='lat' dir='ltr'>carne</span> <span class='ocrx_word' id='word_1_31' title='bbox 891 540 988 566; x_wconf 88' lang='lat' dir='ltr'>cum</span> <span class='ocrx_word' id='word_1_32' title='bbox 1022 527 1185 566; x_wconf 87' lang='lat' dir='ltr'>viveret</span> <span class='ocrx_word' id='word_1_33' title='bbox 1219 560 1224 566; x_wconf 96' lang='lat'>.</span> <span class='ocrx_word' id='word_1_34' title='bbox 1277 560 1282 566; x_wconf 97' lang='lat'>.</span> <span class='ocrx_word' id='word_1_35' title='bbox 1324 560 1330 567; x_wconf 91' lang='lat'>.</span> <span class='ocrx_word' id='word_1_36' title='bbox 1370 559 1378 567; x_wconf 92' lang='lat'>.</span> <span class='ocrx_word' id='word_1_37' title='bbox 1419 560 1424 566; x_wconf 94' lang='lat'><strong><em>.</em></strong></span> <span class='ocrx_word' id='word_1_38' title='bbox 1476 560 1482 566; x_wconf 93' lang='lat'>.</span> <span class='ocrx_word' id='word_1_39' title='bbox 1523 559 1529 566; x_wconf 95' lang='lat'><strong><em>.</em></strong></span> <span class='ocrx_word' id='word_1_40' title='bbox 1577 528 1623 566; x_wconf 79' lang='lat'>‚1</span> <span class='ocrx_word' id='word_1_41' title='bbox 1659 539 1757 565; x_wconf 90' lang='lat' dir='ltr'>cum</span> 
     </span>
     <span class='ocr_line' id='line_1_9' title="bbox 221 592 1757 646; baseline -0.001 -14"><span class='ocrx_word' id='word_1_42' title='bbox 221 605 319 643; x_wconf 83' lang='lat' dir='ltr'>ergo</span> <span class='ocrx_word' id='word_1_43' title='bbox 359 592 562 632; x_wconf 87' lang='lat' dir='ltr'>sacrificia</span> <span class='ocrx_word' id='word_1_44' title='bbox 601 593 689 632; x_wconf 88' lang='lat' dir='ltr'>sive</span> <span class='ocrx_word' id='word_1_45' title='bbox 730 593 876 633; x_wconf 86' lang='lat' dir='ltr'>altaris</span> <span class='ocrx_word' id='word_1_46' title='bbox 915 594 1003 633; x_wconf 87' lang='lat' dir='ltr'>sive</span> <span class='ocrx_word' id='word_1_47' title='bbox 1044 606 1393 646; x_wconf 89' lang='lat' dir='ltr'>quarumcunque</span> <span class='ocrx_word' id='word_1_48' title='bbox 1434 593 1757 632; x_wconf 86' lang='lat' dir='ltr'>elemosinarum</span> 
     </span>
     <span class='ocr_line' id='line_1_10' title="bbox 223 659 1759 712; baseline -0.001 -13"><span class='ocrx_word' id='word_1_49' title='bbox 223 673 299 712; x_wconf 91' lang='lat' dir='ltr'>pro</span> <span class='ocrx_word' id='word_1_50' title='bbox 335 659 564 710; x_wconf 87' lang='lat' dir='ltr'>baptizatis</span> <span class='ocrx_word' id='word_1_51' title='bbox 600 659 811 698; x_wconf 79' lang='lat' dir='ltr'>defunctis</span> <span class='ocrx_word' id='word_1_52' title='bbox 847 660 1044 699; x_wconf 89' lang='lat' dir='ltr'>omnibus</span> <span class='ocrx_word' id='word_1_53' title='bbox 1080 661 1325 705; x_wconf 74' lang='lat' dir='ltr'>offerantur,</span> <span class='ocrx_word' id='word_1_54' title='bbox 1365 673 1439 711; x_wconf 90' lang='lat' dir='ltr'>pro</span> <span class='ocrx_word' id='word_1_55' title='bbox 1475 660 1600 698; x_wconf 88' lang='lat' dir='ltr'>valde</span> <span class='ocrx_word' id='word_1_56' title='bbox 1637 660 1759 698; x_wconf 89' lang='lat' dir='ltr'>bonis</span> 
     </span>
     <span class='ocr_line' id='line_1_11' title="bbox 224 726 1759 778; baseline -0.001 -13"><span class='ocrx_word' id='word_1_57' title='bbox 224 726 457 777; x_wconf 83' lang='lat' dir='ltr'>gratiarum</span> <span class='ocrx_word' id='word_1_58' title='bbox 475 726 663 765; x_wconf 74' lang='lat' dir='ltr'>actiones</span> <span class='ocrx_word' id='word_1_59' title='bbox 677 732 788 766; x_wconf 69' lang='lat' dir='ltr'>sunt.</span> <span class='ocrx_word' id='word_1_60' title='bbox 806 740 881 777; x_wconf 88' lang='lat' dir='ltr'>pro</span> <span class='ocrx_word' id='word_1_61' title='bbox 900 740 984 766; x_wconf 89' lang='lat' dir='ltr'>non</span> <span class='ocrx_word' id='word_1_62' title='bbox 998 727 1121 766; x_wconf 91' lang='lat' dir='ltr'>valde</span> <span class='ocrx_word' id='word_1_63' title='bbox 1140 727 1261 765; x_wconf 90' lang='lat' dir='ltr'>malis</span> <span class='ocrx_word' id='word_1_64' title='bbox 1278 727 1343 778; x_wconf 79' lang='lat'>(19</span> <span class='ocrx_word' id='word_1_65' title='bbox 1363 728 1413 777; x_wconf 79' lang='lat' dir='ltr'>›a)</span> <span class='ocrx_word' id='word_1_66' title='bbox 1436 726 1759 777; x_wconf 76' lang='lat' dir='ltr'>propitiationes</span> 
     </span>
     <span class='ocr_line' id='line_1_12' title="bbox 223 793 1756 844; baseline -0.001 -12"><span class='ocrx_word' id='word_1_67' title='bbox 223 797 335 839; x_wconf 89' lang='lat' dir='ltr'>sunt,</span> <span class='ocrx_word' id='word_1_68' title='bbox 358 805 434 844; x_wconf 93' lang='lat' dir='ltr'>pro</span> <span class='ocrx_word' id='word_1_69' title='bbox 453 793 577 831; x_wconf 89' lang='lat' dir='ltr'>valde</span> <span class='ocrx_word' id='word_1_70' title='bbox 597 793 730 838; x_wconf 76' lang='lat' dir='ltr'>malis,</span> <span class='ocrx_word' id='word_1_71' title='bbox 753 793 883 832; x_wconf 90' lang='lat' dir='ltr'>etiam</span> <span class='ocrx_word' id='word_1_72' title='bbox 903 793 937 832; x_wconf 89' lang='lat' dir='ltr'>si</span> <span class='ocrx_word' id='word_1_73' title='bbox 956 794 1072 832; x_wconf 87' lang='lat' dir='ltr'>nulla</span> <span class='ocrx_word' id='word_1_74' title='bbox 1092 798 1191 832; x_wconf 86' lang='lat' dir='ltr'>sunt</span> <span class='ocrx_word' id='word_1_75' title='bbox 1211 793 1459 832; x_wconf 88' lang='lat' dir='ltr'>adiumenta</span> <span class='ocrx_word' id='word_1_76' title='bbox 1478 798 1756 837; x_wconf 83' lang='lat' dir='ltr'>mortuorum,</span> 
     </span>
     <span class='ocr_line' id='line_1_13' title="bbox 223 859 1760 911; baseline -0.001 -13"><span class='ocrx_word' id='word_1_77' title='bbox 223 860 536 911; x_wconf 87' lang='lat' dir='ltr'>qualescunque</span> <span class='ocrx_word' id='word_1_78' title='bbox 557 859 754 898; x_wconf 87' lang='lat' dir='ltr'>vivorum</span> <span class='ocrx_word' id='word_1_79' title='bbox 775 860 1084 899; x_wconf 74' lang='lat' dir='ltr'>consolationes</span> <span class='ocrx_word' id='word_1_80' title='bbox 1105 860 1268 899; x_wconf 85' lang='lat' dir='ltr'>sunt.”2</span> <span class='ocrx_word' id='word_1_81' title='bbox 1325 860 1436 898; x_wconf 88' lang='lat' dir='ltr'>Hinc</span> <span class='ocrx_word' id='word_1_82' title='bbox 1457 859 1587 898; x_wconf 84' lang='lat' dir='ltr'>etiam</span> <span class='ocrx_word' id='word_1_83' title='bbox 1608 859 1760 898; x_wconf 88' lang='lat' dir='ltr'>beatus</span> 
     </span>
     <span class='ocr_line' id='line_1_14' title="bbox 223 925 1759 978; baseline -0.001 -13"><span class='ocrx_word' id='word_1_84' title='bbox 223 925 465 966; x_wconf 85' lang='lat' dir='ltr'>Bernardus</span> <span class='ocrx_word' id='word_1_85' title='bbox 511 926 583 972; x_wconf 84' lang='lat' dir='ltr'>ait,</span> <span class='ocrx_word' id='word_1_86' title='bbox 634 926 828 966; x_wconf 85' lang='lat' dir='ltr'>“scitote</span> <span class='ocrx_word' id='word_1_87' title='bbox 874 927 1037 971; x_wconf 79' lang='lat' dir='ltr'>fratres,</span> <span class='ocrx_word' id='word_1_88' title='bbox 1087 927 1190 978; x_wconf 80' lang='lat' dir='ltr'>quid</span> <span class='ocrx_word' id='word_1_89' title='bbox 1237 931 1333 978; x_wconf 89' lang='lat' dir='ltr'>post</span> <span class='ocrx_word' id='word_1_90' title='bbox 1380 928 1488 964; x_wconf 90' lang='lat' dir='ltr'>hanc</span> <span class='ocrx_word' id='word_1_91' title='bbox 1535 926 1671 964; x_wconf 85' lang='lat' dir='ltr'>vitam</span> <span class='ocrx_word' id='word_1_92' title='bbox 1716 925 1759 963; x_wconf 90' lang='lat' dir='ltr'>in</span> 
     </span>
     <span class='ocr_line' id='line_1_15' title="bbox 223 992 1760 1045; baseline 0 -15"><span class='ocrx_word' id='word_1_93' title='bbox 223 992 514 1044; x_wconf 81' lang='lat' dir='ltr'>purgabilibus</span> <span class='ocrx_word' id='word_1_94' title='bbox 533 992 634 1031; x_wconf 91' lang='lat' dir='ltr'>locis</span> <span class='ocrx_word' id='word_1_95' title='bbox 653 994 913 1044; x_wconf 75' lang='lat' dir='ltr'>centuplum,</span> <span class='ocrx_word' id='word_1_96' title='bbox 937 1007 1018 1045; x_wconf 92' lang='lat' dir='ltr'>que</span> <span class='ocrx_word' id='word_1_97' title='bbox 1039 994 1211 1032; x_wconf 81' lang='lat' dir='ltr'>fuerunt</span> <span class='ocrx_word' id='word_1_98' title='bbox 1232 993 1300 1032; x_wconf 88' lang='lat' dir='ltr'>hic</span> <span class='ocrx_word' id='word_1_99' title='bbox 1320 993 1511 1043; x_wconf 79' lang='lat' dir='ltr'>neglecta</span> <span class='ocrx_word' id='word_1_100' title='bbox 1529 992 1760 1031; x_wconf 89' lang='lat' dir='ltr'>reddentur</span> 
     </span>
     <span class='ocr_line' id='line_1_16' title="bbox 223 1058 1759 1111; baseline -0.002 -12"><span class='ocrx_word' id='word_1_101' title='bbox 223 1073 356 1111; x_wconf 89' lang='lat' dir='ltr'>usque</span> <span class='ocrx_word' id='word_1_102' title='bbox 381 1058 436 1098; x_wconf 93' lang='lat' dir='ltr'>ad</span> <span class='ocrx_word' id='word_1_103' title='bbox 460 1059 739 1098; x_wconf 87' lang='lat' dir='ltr'>novissimum</span> <span class='ocrx_word' id='word_1_104' title='bbox 764 1060 1060 1111; x_wconf 83' lang='lat' dir='ltr'>quadrantem.</span> <span class='ocrx_word' id='word_1_105' title='bbox 1120 1060 1214 1101; x_wconf 82' lang='lat' dir='ltr'>Scio</span> <span class='ocrx_word' id='word_1_106' title='bbox 1238 1060 1351 1099; x_wconf 90' lang='lat' dir='ltr'>enim</span> <span class='ocrx_word' id='word_1_107' title='bbox 1377 1059 1491 1110; x_wconf 91' lang='lat' dir='ltr'>quod</span> <span class='ocrx_word' id='word_1_108' title='bbox 1517 1059 1671 1097; x_wconf 90' lang='lat' dir='ltr'>durum</span> <span class='ocrx_word' id='word_1_109' title='bbox 1696 1062 1759 1097; x_wconf 92' lang='lat' dir='ltr'>est</span> 
     </span>
     <span class='ocr_line' id='line_1_17' title="bbox 222 1125 1761 1178; baseline -0.003 -12"><span class='ocrx_word' id='word_1_110' title='bbox 222 1125 384 1166; x_wconf 93' lang='lat' dir='ltr'>homini</span> <span class='ocrx_word' id='word_1_111' title='bbox 420 1125 626 1165; x_wconf 90' lang='lat' dir='ltr'>dissoluto</span> <span class='ocrx_word' id='word_1_112' title='bbox 662 1127 976 1178; x_wconf 85' lang='lat' dir='ltr'>apprehendere</span> <span class='ocrx_word' id='word_1_113' title='bbox 1013 1127 1291 1178; x_wconf 82' lang='lat' dir='ltr'>disciplinam,</span> <span class='ocrx_word' id='word_1_114' title='bbox 1330 1127 1510 1165; x_wconf 83' lang='lat' dir='ltr'>verboso</span> <span class='ocrx_word' id='word_1_115' title='bbox 1546 1125 1761 1164; x_wconf 88' lang='lat' dir='ltr'>silentium</span> 
     </span>
     <span class='ocr_line' id='line_1_18' title="bbox 223 1192 1761 1245; baseline -0.002 -13"><span class='ocrx_word' id='word_1_116' title='bbox 223 1193 326 1244; x_wconf 87' lang='lat' dir='ltr'>pati,</span> <span class='ocrx_word' id='word_1_117' title='bbox 367 1192 513 1243; x_wconf 84' lang='lat' dir='ltr'>vagari</span> <span class='ocrx_word' id='word_1_118' title='bbox 552 1193 677 1232; x_wconf 91' lang='lat' dir='ltr'>solito</span> <span class='ocrx_word' id='word_1_119' title='bbox 715 1194 911 1232; x_wconf 86' lang='lat' dir='ltr'>stabilem</span> <span class='ocrx_word' id='word_1_120' title='bbox 950 1206 1206 1245; x_wconf 88' lang='lat' dir='ltr'>permanere,</span> <span class='ocrx_word' id='word_1_121' title='bbox 1249 1193 1321 1232; x_wconf 91' lang='lat' dir='ltr'>sed</span> <span class='ocrx_word' id='word_1_122' title='bbox 1360 1193 1505 1231; x_wconf 89' lang='lat' dir='ltr'>durius</span> <span class='ocrx_word' id='word_1_123' title='bbox 1543 1197 1585 1231; x_wconf 94' lang='lat' dir='ltr'>et</span> <span class='ocrx_word' id='word_1_124' title='bbox 1624 1192 1761 1230; x_wconf 84' lang='lat' dir='ltr'>multo</span> 
     </span>
     <span class='ocr_line' id='line_1_19' title="bbox 225 1257 1762 1310; baseline -0.003 -11"><span class='ocrx_word' id='word_1_125' title='bbox 225 1260 370 1299; x_wconf 87' lang='lat' dir='ltr'>durius</span> <span class='ocrx_word' id='word_1_126' title='bbox 410 1259 488 1298; x_wconf 88' lang='lat' dir='ltr'>erit</span> <span class='ocrx_word' id='word_1_127' title='bbox 529 1259 696 1298; x_wconf 80' lang='lat' dir='ltr'>futuras</span> <span class='ocrx_word' id='word_1_128' title='bbox 735 1260 827 1299; x_wconf 87' lang='lat' dir='ltr'>illas</span> <span class='ocrx_word' id='word_1_129' title='bbox 868 1260 1082 1299; x_wconf 90' lang='lat' dir='ltr'>molestias</span> <span class='ocrx_word' id='word_1_130' title='bbox 1122 1261 1300 1299; x_wconf 88' lang='lat' dir='ltr'>tolerare</span> <span class='ocrx_word' id='word_1_131' title='bbox 1321 1260 1390 1299; x_wconf 84' lang='lat'>’&#39;3:</span> <span class='ocrx_word' id='word_1_132' title='bbox 1434 1264 1606 1310; x_wconf 88' lang='lat' dir='ltr'>propter</span> <span class='ocrx_word' id='word_1_133' title='bbox 1647 1257 1762 1309; x_wconf 86' lang='lat' dir='ltr'>quod</span> 
     </span>
     <span class='ocr_line' id='line_1_20' title="bbox 225 1324 1761 1377; baseline -0.002 -12"><span class='ocrx_word' id='word_1_134' title='bbox 225 1327 377 1365; x_wconf 91' lang='lat' dir='ltr'>beatus</span> <span class='ocrx_word' id='word_1_135' title='bbox 413 1326 537 1377; x_wconf 92' lang='lat' dir='ltr'>plane</span> <span class='ocrx_word' id='word_1_136' title='bbox 575 1326 648 1377; x_wconf 90' lang='lat' dir='ltr'>qui</span> <span class='ocrx_word' id='word_1_137' title='bbox 684 1326 742 1364; x_wconf 90' lang='lat' dir='ltr'>sic</span> <span class='ocrx_word' id='word_1_138' title='bbox 779 1327 830 1366; x_wconf 90' lang='lat' dir='ltr'>de</span> <span class='ocrx_word' id='word_1_139' title='bbox 868 1327 1052 1377; x_wconf 83' lang='lat' dir='ltr'>peccatis</span> <span class='ocrx_word' id='word_1_140' title='bbox 1089 1327 1174 1365; x_wconf 89' lang='lat' dir='ltr'>suis</span> <span class='ocrx_word' id='word_1_141' title='bbox 1210 1326 1416 1365; x_wconf 85' lang='lat' dir='ltr'>veraciter</span> <span class='ocrx_word' id='word_1_142' title='bbox 1453 1325 1682 1376; x_wconf 85' lang='lat' dir='ltr'>penitendo</span> <span class='ocrx_word' id='word_1_143' title='bbox 1718 1324 1761 1362; x_wconf 90' lang='lat' dir='ltr'>in</span> 
     </span>
    </p>
   </div>
   <div class='ocr_carea' id='block_1_7' title="bbox 225 1390 1763 1500">
    <p class='ocr_par' dir='ltr' id='par_1_7' title="bbox 225 1390 1763 1500">
     <span class='ocr_line' id='line_1_21' title="bbox 225 1390 1763 1445; baseline -0.003 -13"><span class='ocrx_word' id='word_1_144' title='bbox 225 1392 410 1445; x_wconf 88' lang='lat' dir='ltr'>presenti</span> <span class='ocrx_word' id='word_1_145' title='bbox 442 1397 660 1444; x_wconf 78' lang='lat' dir='ltr'>purgatur,</span> <span class='ocrx_word' id='word_1_146' title='bbox 696 1398 744 1432; x_wconf 83' lang='lat' dir='ltr'>ut</span> <span class='ocrx_word' id='word_1_147' title='bbox 777 1398 873 1445; x_wconf 91' lang='lat' dir='ltr'>post</span> <span class='ocrx_word' id='word_1_148' title='bbox 906 1394 1015 1432; x_wconf 86' lang='lat' dir='ltr'>hanc</span> <span class='ocrx_word' id='word_1_149' title='bbox 1047 1393 1183 1432; x_wconf 77' lang='lat' dir='ltr'>vitam</span> <span class='ocrx_word' id='word_1_150' title='bbox 1215 1393 1403 1432; x_wconf 88' lang='lat' dir='ltr'>intactus</span> <span class='ocrx_word' id='word_1_151' title='bbox 1434 1393 1526 1431; x_wconf 86' lang='lat' dir='ltr'>illos</span> <span class='ocrx_word' id='word_1_152' title='bbox 1558 1390 1763 1430; x_wconf 89' lang='lat' dir='ltr'>molestis-</span> 
     </span>
     <span class='ocr_line' id='line_1_22' title="bbox 225 1459 859 1500; baseline 0.003 -2"><span class='ocrx_word' id='word_1_153' title='bbox 225 1460 352 1499; x_wconf 88' lang='lat' dir='ltr'>simos</span> <span class='ocrx_word' id='word_1_154' title='bbox 375 1459 610 1498; x_wconf 88' lang='lat' dir='ltr'>transvolet</span> <span class='ocrx_word' id='word_1_155' title='bbox 635 1459 859 1500; x_wconf 89' lang='lat' dir='ltr'>cruciatus.</span> 
     </span>
    </p>
   </div>
   <div class='ocr_carea' id='block_1_8' title="bbox 224 1618 1772 2400">
    <p class='ocr_par' dir='ltr' id='par_1_8' title="bbox 224 1618 1760 1653">
     <span class='ocr_line' id='line_1_23' title="bbox 224 1618 1760 1653; baseline -0.004 0"><span class='ocrx_word' id='word_1_156' title='bbox 224 1622 293 1653; x_wconf 89' lang='lat' dir='ltr'>DE</span> <span class='ocrx_word' id='word_1_157' title='bbox 316 1620 750 1653; x_wconf 84' lang='lat' dir='ltr'><strong>RESURRECTIONE.</strong></span> <span class='ocrx_word' id='word_1_158' title='bbox 1267 1620 1557 1652; x_wconf 71' lang='lat' dir='ltr'><strong>CAPITULUM</strong></span> <span class='ocrx_word' id='word_1_159' title='bbox 1580 1618 1760 1649; x_wconf 54' lang='lat' dir='ltr'>XXXVI.</span> 
     </span>
    </p>

    <p class='ocr_par' dir='ltr' id='par_1_9' title="bbox 227 1678 1772 2400">
     <span class='ocr_line' id='line_1_24' title="bbox 281 1678 1765 1721; baseline -0.003 -1"><span class='ocrx_word' id='word_1_160' title='bbox 281 1681 549 1720; x_wconf 87' lang='lat' dir='ltr'>Resurrectio</span> <span class='ocrx_word' id='word_1_161' title='bbox 581 1695 683 1720; x_wconf 86' lang='lat' dir='ltr'>vero</span> <span class='ocrx_word' id='word_1_162' title='bbox 716 1686 982 1721; x_wconf 87' lang='lat' dir='ltr'>mortuorum</span> <span class='ocrx_word' id='word_1_163' title='bbox 1014 1682 1058 1721; x_wconf 91' lang='lat' dir='ltr'>in</span> <span class='ocrx_word' id='word_1_164' title='bbox 1093 1683 1174 1720; x_wconf 88' lang='lat' dir='ltr'>fine</span> <span class='ocrx_word' id='word_1_165' title='bbox 1208 1681 1356 1720; x_wconf 86' lang='lat' dir='ltr'>mundi</span> <span class='ocrx_word' id='word_1_166' title='bbox 1406 1681 1551 1719; x_wconf 75' lang='lat' dir='ltr'>futura</span> <span class='ocrx_word' id='word_1_167' title='bbox 1601 1678 1765 1718; x_wconf 90' lang='lat' dir='ltr'>cunctis</span> 
     </span>
     <span class='ocr_line' id='line_1_25' title="bbox 227 1745 1760 1790; baseline -0.004 -2"><span class='ocrx_word' id='word_1_168' title='bbox 227 1748 421 1788; x_wconf 88' lang='lat' dir='ltr'>fidelibus</span> <span class='ocrx_word' id='word_1_169' title='bbox 448 1747 742 1787; x_wconf 88' lang='lat' dir='ltr'>indubitanter</span> <span class='ocrx_word' id='word_1_170' title='bbox 769 1754 833 1788; x_wconf 85' lang='lat' dir='ltr'>est</span> <span class='ocrx_word' id='word_1_171' title='bbox 862 1749 1082 1788; x_wconf 87' lang='lat' dir='ltr'>credenda.</span> <span class='ocrx_word' id='word_1_172' title='bbox 1142 1749 1205 1787; x_wconf 93' lang='lat' dir='ltr'>De</span> <span class='ocrx_word' id='word_1_173' title='bbox 1234 1761 1283 1787; x_wconf 85' lang='lat' dir='ltr'>ea</span> <span class='ocrx_word' id='word_1_174' title='bbox 1309 1748 1422 1787; x_wconf 89' lang='lat' dir='ltr'>enim</span> <span class='ocrx_word' id='word_1_175' title='bbox 1451 1746 1659 1785; x_wconf 84' lang='lat' dir='ltr'>Dominus</span> <span class='ocrx_word' id='word_1_176' title='bbox 1688 1745 1760 1790; x_wconf 87' lang='lat' dir='ltr'>ait,</span> 
     </span>
     <span class='ocr_line' id='line_1_26' title="bbox 229 1813 1765 1867; baseline -0.003 -14"><span class='ocrx_word' id='word_1_177' title='bbox 229 1816 253 1830; x_wconf 95' lang='lat'><em>“</em></span> <span class='ocrx_word' id='word_1_178' title='bbox 273 1827 350 1865; x_wconf 83' lang='lat' dir='ltr'>ego</span> <span class='ocrx_word' id='word_1_179' title='bbox 369 1828 463 1853; x_wconf 90' lang='lat' dir='ltr'>sum</span> <span class='ocrx_word' id='word_1_180' title='bbox 482 1815 730 1853; x_wconf 87' lang='lat' dir='ltr'>resurrectio</span> <span class='ocrx_word' id='word_1_181' title='bbox 751 1820 792 1854; x_wconf 94' lang='lat' dir='ltr'>et</span> <span class='ocrx_word' id='word_1_182' title='bbox 814 1816 906 1854; x_wconf 89' lang='lat' dir='ltr'>vita</span> <span class='ocrx_word' id='word_1_183' title='bbox 925 1829 930 1854; x_wconf 92' lang='lat'>:</span> <span class='ocrx_word' id='word_1_184' title='bbox 955 1816 1028 1867; x_wconf 91' lang='lat' dir='ltr'>qui</span> <span class='ocrx_word' id='word_1_185' title='bbox 1049 1815 1180 1854; x_wconf 87' lang='lat' dir='ltr'>credit</span> <span class='ocrx_word' id='word_1_186' title='bbox 1201 1816 1243 1853; x_wconf 88' lang='lat' dir='ltr'>in</span> <span class='ocrx_word' id='word_1_187' title='bbox 1264 1828 1342 1857; x_wconf 72' lang='lat' dir='ltr'>me,</span> <span class='ocrx_word' id='word_1_188' title='bbox 1366 1814 1497 1852; x_wconf 86' lang='lat' dir='ltr'>etiam</span> <span class='ocrx_word' id='word_1_189' title='bbox 1518 1813 1551 1851; x_wconf 90' lang='lat' dir='ltr'>si</span> <span class='ocrx_word' id='word_1_190' title='bbox 1571 1816 1765 1850; x_wconf 85' lang='lat' dir='ltr'>mortuus</span> 
     </span>
     <span class='ocr_line' id='line_1_27' title="bbox 228 1878 1765 1932; baseline -0.003 -11"><span class='ocrx_word' id='word_1_191' title='bbox 228 1881 367 1927; x_wconf 82' lang='lat' dir='ltr'>fuerit,</span> <span class='ocrx_word' id='word_1_192' title='bbox 412 1881 541 1927; x_wconf 87' lang='lat' dir='ltr'>vivet,</span> <span class='ocrx_word' id='word_1_193' title='bbox 557 1881 573 1904; x_wconf 78' lang='grc'>4</span> <span class='ocrx_word' id='word_1_194' title='bbox 602 1885 644 1920; x_wconf 88' lang='lat' dir='ltr'>et</span> <span class='ocrx_word' id='word_1_195' title='bbox 686 1895 761 1932; x_wconf 80' lang='lat' dir='ltr'>ego</span> <span class='ocrx_word' id='word_1_196' title='bbox 803 1882 1018 1921; x_wconf 87' lang='lat' dir='ltr'>suscitabo</span> <span class='ocrx_word' id='word_1_197' title='bbox 1058 1895 1155 1920; x_wconf 91' lang='lat' dir='ltr'>eum</span> <span class='ocrx_word' id='word_1_198' title='bbox 1196 1882 1238 1920; x_wconf 91' lang='lat' dir='ltr'>in</span> <span class='ocrx_word' id='word_1_199' title='bbox 1280 1881 1509 1920; x_wconf 76' lang='lat' dir='ltr'>novissimo</span> <span class='ocrx_word' id='word_1_200' title='bbox 1551 1879 1617 1918; x_wconf 88' lang='lat' dir='ltr'>die</span> <span class='ocrx_word' id='word_1_201' title='bbox 1638 1878 1681 1901; x_wconf 76' lang='lat'>”5</span> <span class='ocrx_word' id='word_1_202' title='bbox 1722 1881 1765 1916; x_wconf 87' lang='lat' dir='ltr'>et</span> 
     </span>
     <span class='ocr_line' id='line_1_28' title="bbox 231 1944 1768 1998; baseline -0.003 -11"><span class='ocrx_word' id='word_1_203' title='bbox 231 1949 254 1964; x_wconf 91' lang='lat'><em>“</em></span> <span class='ocrx_word' id='word_1_204' title='bbox 274 1960 419 1987; x_wconf 88' lang='lat' dir='ltr'>omnes</span> <span class='ocrx_word' id='word_1_205' title='bbox 447 1948 519 1998; x_wconf 91' lang='lat' dir='ltr'>qui</span> <span class='ocrx_word' id='word_1_206' title='bbox 546 1947 589 1985; x_wconf 87' lang='lat' dir='ltr'>in</span> <span class='ocrx_word' id='word_1_207' title='bbox 617 1949 905 1988; x_wconf 87' lang='lat' dir='ltr'>monumentis</span> <span class='ocrx_word' id='word_1_208' title='bbox 932 1953 1044 1994; x_wconf 85' lang='lat' dir='ltr'>sunt,</span> <span class='ocrx_word' id='word_1_209' title='bbox 1075 1948 1249 1987; x_wconf 87' lang='lat' dir='ltr'>audient</span> <span class='ocrx_word' id='word_1_210' title='bbox 1277 1960 1427 1986; x_wconf 84' lang='lat' dir='ltr'>vocem</span> <span class='ocrx_word' id='word_1_211' title='bbox 1454 1946 1527 1985; x_wconf 84' lang='lat' dir='ltr'>filii</span> <span class='ocrx_word' id='word_1_212' title='bbox 1555 1945 1634 1984; x_wconf 88' lang='lat' dir='ltr'>Dei</span> <span class='ocrx_word' id='word_1_213' title='bbox 1654 1944 1696 1967; x_wconf 76' lang='lat'>”⁶</span> <span class='ocrx_word' id='word_1_214' title='bbox 1725 1948 1768 1982; x_wconf 91' lang='lat' dir='ltr'>et</span> 
     </span>
     <span class='ocr_line' id='line_1_29' title="bbox 231 2010 1770 2066; baseline -0.003 -14"><span class='ocrx_word' id='word_1_215' title='bbox 231 2016 255 2030; x_wconf 93' lang='lat'><em>“</em></span> <span class='ocrx_word' id='word_1_216' title='bbox 275 2014 347 2066; x_wconf 92' lang='lat' dir='ltr'>qui</span> <span class='ocrx_word' id='word_1_217' title='bbox 370 2014 580 2053; x_wconf 86' lang='lat' dir='ltr'>audierint</span> <span class='ocrx_word' id='word_1_218' title='bbox 603 2014 750 2054; x_wconf 86' lang='lat' dir='ltr'>Vivent</span> <span class='ocrx_word' id='word_1_219' title='bbox 772 2015 814 2039; x_wconf 81' lang='lat'>&#39;¹⁷</span> <span class='ocrx_word' id='word_1_220' title='bbox 835 2028 841 2054; x_wconf 89' lang='lat'><strong>:</strong></span> <span class='ocrx_word' id='word_1_221' title='bbox 867 2020 909 2054; x_wconf 94' lang='lat' dir='ltr'>et</span> <span class='ocrx_word' id='word_1_222' title='bbox 932 2015 1162 2066; x_wconf 84' lang='lat' dir='ltr'>apostolus,</span> <span class='ocrx_word' id='word_1_223' title='bbox 1189 2016 1212 2029; x_wconf 89' lang='lat'><em>“</em></span> <span class='ocrx_word' id='word_1_224' title='bbox 1233 2014 1267 2053; x_wconf 90' lang='lat' dir='ltr'>si</span> <span class='ocrx_word' id='word_1_225' title='bbox 1288 2014 1400 2053; x_wconf 89' lang='lat' dir='ltr'>enim</span> <span class='ocrx_word' id='word_1_226' title='bbox 1423 2013 1632 2052; x_wconf 82' lang='lat' dir='ltr'>credimus</span> <span class='ocrx_word' id='word_1_227' title='bbox 1655 2010 1770 2062; x_wconf 91' lang='lat' dir='ltr'>quod</span> 
     </span>
     <span class='ocr_line' id='line_1_30' title="bbox 231 2076 1771 2128; baseline -0.004 -7"><span class='ocrx_word' id='word_1_228' title='bbox 231 2082 348 2121; x_wconf 93' lang='lat' dir='ltr'>Iesus</span> <span class='ocrx_word' id='word_1_229' title='bbox 395 2085 589 2119; x_wconf 88' lang='lat' dir='ltr'>mortuus</span> <span class='ocrx_word' id='word_1_230' title='bbox 636 2086 699 2121; x_wconf 89' lang='lat' dir='ltr'>est</span> <span class='ocrx_word' id='word_1_231' title='bbox 746 2086 789 2121; x_wconf 90' lang='lat' dir='ltr'>et</span> <span class='ocrx_word' id='word_1_232' title='bbox 836 2082 1075 2128; x_wconf 82' lang='lat' dir='ltr'>resurrexit,</span> <span class='ocrx_word' id='word_1_233' title='bbox 1125 2082 1187 2120; x_wconf 90' lang='lat' dir='ltr'>ita</span> <span class='ocrx_word' id='word_1_234' title='bbox 1233 2086 1275 2120; x_wconf 94' lang='lat' dir='ltr'>et</span> <span class='ocrx_word' id='word_1_235' title='bbox 1324 2080 1532 2119; x_wconf 83' lang='lat' dir='ltr'>Dominus</span> <span class='ocrx_word' id='word_1_236' title='bbox 1580 2091 1650 2117; x_wconf 89' lang='lat' dir='ltr'>eos</span> <span class='ocrx_word' id='word_1_237' title='bbox 1697 2076 1771 2128; x_wconf 92' lang='lat' dir='ltr'>qui</span> 
     </span>
     <span class='ocr_line' id='line_1_31' title="bbox 231 2142 1771 2198; baseline -0.004 -11"><span class='ocrx_word' id='word_1_238' title='bbox 231 2147 492 2187; x_wconf 87' lang='lat' dir='ltr'>dormierunt</span> <span class='ocrx_word' id='word_1_239' title='bbox 528 2160 601 2198; x_wconf 91' lang='lat' dir='ltr'>per</span> <span class='ocrx_word' id='word_1_240' title='bbox 636 2149 777 2187; x_wconf 90' lang='lat' dir='ltr'>Iesum</span> <span class='ocrx_word' id='word_1_241' title='bbox 811 2149 995 2188; x_wconf 90' lang='lat' dir='ltr'>adducet</span> <span class='ocrx_word' id='word_1_242' title='bbox 1030 2161 1127 2187; x_wconf 91' lang='lat' dir='ltr'>cum</span> <span class='ocrx_word' id='word_1_243' title='bbox 1162 2147 1283 2187; x_wconf 75' lang='lat' dir='ltr'>eo.’&#39;8</span> <span class='ocrx_word' id='word_1_244' title='bbox 1354 2147 1492 2198; x_wconf 58' lang='lat' dir='ltr'>(mab)</span> <span class='ocrx_word' id='word_1_245' title='bbox 1551 2144 1701 2196; x_wconf 73' lang='lat' dir='ltr'>Quod⁹</span> <span class='ocrx_word' id='word_1_246' title='bbox 1737 2142 1771 2182; x_wconf 92' lang='lat' dir='ltr'>si</span> 
     </span>
     <span class='ocr_line' id='line_1_32' title="bbox 232 2210 1772 2267; baseline -0.004 -13"><span class='ocrx_word' id='word_1_247' title='bbox 232 2214 417 2267; x_wconf 81' lang='lat' dir='ltr'>queriter</span> <span class='ocrx_word' id='word_1_248' title='bbox 454 2215 668 2265; x_wconf 90' lang='lat' dir='ltr'>quomodo</span> <span class='ocrx_word' id='word_1_249' title='bbox 706 2216 785 2254; x_wconf 88' lang='lat' dir='ltr'>hoc</span> <span class='ocrx_word' id='word_1_250' title='bbox 823 2216 907 2262; x_wconf 89' lang='lat' dir='ltr'>fiet,</span> <span class='ocrx_word' id='word_1_251' title='bbox 948 2215 1166 2266; x_wconf 80' lang='lat' dir='ltr'>subiungit</span> <span class='ocrx_word' id='word_1_252' title='bbox 1203 2214 1357 2259; x_wconf 86' lang='lat' dir='ltr'>dicens,</span> <span class='ocrx_word' id='word_1_253' title='bbox 1400 2215 1423 2227; x_wconf 92' lang='lat'><strong>“</strong></span> <span class='ocrx_word' id='word_1_254' title='bbox 1443 2212 1646 2264; x_wconf 87' lang='lat' dir='ltr'>quoniam</span> <span class='ocrx_word' id='word_1_255' title='bbox 1682 2210 1772 2261; x_wconf 90' lang='lat' dir='ltr'>ipse</span> 
     </span>
     <span class='ocr_line' id='line_1_33' title="bbox 233 2276 1771 2332; baseline -0.004 -11"><span class='ocrx_word' id='word_1_256' title='bbox 233 2280 442 2321; x_wconf 90' lang='lat' dir='ltr'>Dominus</span> <span class='ocrx_word' id='word_1_257' title='bbox 464 2280 506 2319; x_wconf 90' lang='lat' dir='ltr'>in</span> <span class='ocrx_word' id='word_1_258' title='bbox 529 2280 645 2320; x_wconf 90' lang='lat' dir='ltr'>iussu</span> <span class='ocrx_word' id='word_1_259' title='bbox 667 2286 708 2320; x_wconf 92' lang='lat' dir='ltr'>et</span> <span class='ocrx_word' id='word_1_260' title='bbox 732 2282 774 2320; x_wconf 88' lang='lat' dir='ltr'>in</span> <span class='ocrx_word' id='word_1_261' title='bbox 797 2295 900 2321; x_wconf 86' lang='lat' dir='ltr'>voce</span> <span class='ocrx_word' id='word_1_262' title='bbox 922 2282 1163 2332; x_wconf 85' lang='lat' dir='ltr'>archangeli</span> <span class='ocrx_word' id='word_1_263' title='bbox 1184 2285 1226 2320; x_wconf 93' lang='lat' dir='ltr'>et</span> <span class='ocrx_word' id='word_1_264' title='bbox 1249 2281 1291 2320; x_wconf 92' lang='lat' dir='ltr'>in</span> <span class='ocrx_word' id='word_1_265' title='bbox 1314 2280 1421 2320; x_wconf 90' lang='lat' dir='ltr'>tuba</span> <span class='ocrx_word' id='word_1_266' title='bbox 1443 2279 1523 2318; x_wconf 89' lang='lat' dir='ltr'>Dei</span> <span class='ocrx_word' id='word_1_267' title='bbox 1545 2276 1771 2317; x_wconf 83' lang='lat' dir='ltr'>descendet</span> 
     </span>
     <span class='ocr_line' id='line_1_34' title="bbox 237 2342 1769 2400; baseline -0.004 -14"><span class='ocrx_word' id='word_1_268' title='bbox 237 2348 288 2387; x_wconf 91' lang='lat' dir='ltr'>de</span> <span class='ocrx_word' id='word_1_269' title='bbox 310 2346 468 2386; x_wconf 79' lang='lat' dir='ltr'>ce10”1⁰</span> <span class='ocrx_word' id='word_1_270' title='bbox 492 2351 535 2386; x_wconf 89' lang='lat' dir='ltr'>et</span> <span class='ocrx_word' id='word_1_271' title='bbox 557 2353 697 2387; x_wconf 86' lang='lat' dir='ltr'>cetera</span> <span class='ocrx_word' id='word_1_272' title='bbox 717 2362 850 2400; x_wconf 85' lang='lat' dir='ltr'>usque</span> <span class='ocrx_word' id='word_1_273' title='bbox 871 2349 1029 2400; x_wconf 87' lang='lat' dir='ltr'>itaque,</span> <span class='ocrx_word' id='word_1_274' title='bbox 1054 2353 1096 2387; x_wconf 90' lang='lat' dir='ltr'>et</span> <span class='ocrx_word' id='word_1_275' title='bbox 1121 2349 1143 2362; x_wconf 87' lang='lat'><em>“</em></span> <span class='ocrx_word' id='word_1_276' title='bbox 1163 2348 1205 2386; x_wconf 92' lang='lat' dir='ltr'>in</span> <span class='ocrx_word' id='word_1_277' title='bbox 1227 2351 1457 2390; x_wconf 87' lang='lat' dir='ltr'>momento,</span> <span class='ocrx_word' id='word_1_278' title='bbox 1473 2346 1515 2384; x_wconf 90' lang='lat' dir='ltr'>in</span> <span class='ocrx_word' id='word_1_279' title='bbox 1537 2345 1625 2384; x_wconf 89' lang='lat' dir='ltr'>ictu</span> <span class='ocrx_word' id='word_1_280' title='bbox 1648 2342 1769 2388; x_wconf 87' lang='lat' dir='ltr'>oculi,</span> 
     </span>
    </p>
   </div>
   <div class='ocr_carea' id='block_1_9' title="bbox 236 2482 1769 2961">
    <p class='ocr_par' dir='ltr' id='par_1_10' title="bbox 236 2482 1769 2571">
     <span class='ocr_line' id='line_1_35' title="bbox 285 2482 1769 2529; baseline -0.003 -13"><span class='ocrx_word' id='word_1_281' title='bbox 285 2486 297 2505; x_wconf 85' lang='lat'>1</span> <span class='ocrx_word' id='word_1_282' title='bbox 314 2487 378 2518; x_wconf 71' lang='grc' dir='ltr'>ΜΞ.</span> <span class='ocrx_word' id='word_1_283' title='bbox 400 2488 465 2518; x_wconf 73' lang='lat' dir='ltr'>has</span> <span class='ocrx_word' id='word_1_284' title='bbox 485 2498 532 2518; x_wconf 90' lang='lat' dir='ltr'>no</span> <span class='ocrx_word' id='word_1_285' title='bbox 551 2488 666 2519; x_wconf 87' lang='lat' dir='ltr'>blank</span> <span class='ocrx_word' id='word_1_286' title='bbox 682 2499 792 2529; x_wconf 82' lang='lat' dir='ltr'>space</span> <span class='ocrx_word' id='word_1_287' title='bbox 811 2490 895 2519; x_wconf 89' lang='lat' dir='ltr'>here</span> <span class='ocrx_word' id='word_1_288' title='bbox 913 2492 952 2520; x_wconf 80' lang='lat' dir='ltr'>to</span> <span class='ocrx_word' id='word_1_289' title='bbox 971 2489 1108 2529; x_wconf 74' lang='lat' dir='ltr'>signify</span> <span class='ocrx_word' id='word_1_290' title='bbox 1126 2489 1210 2518; x_wconf 85' lang='lat' dir='ltr'>that</span> <span class='ocrx_word' id='word_1_291' title='bbox 1229 2498 1249 2518; x_wconf 89' lang='lat' dir='ltr'>a</span> <span class='ocrx_word' id='word_1_292' title='bbox 1268 2487 1415 2528; x_wconf 85' lang='lat' dir='ltr'>portion</span> <span class='ocrx_word' id='word_1_293' title='bbox 1435 2486 1472 2517; x_wconf 70' lang='lat' dir='ltr'>of</span> <span class='ocrx_word' id='word_1_294' title='bbox 1489 2486 1552 2515; x_wconf 80' lang='lat' dir='ltr'>the</span> <span class='ocrx_word' id='word_1_295' title='bbox 1572 2482 1769 2524; x_wconf 78' lang='lat' dir='ltr'>quotation</span> 
     </span>
     <span class='ocr_line' id='line_1_36' title="bbox 236 2540 451 2571; baseline -0.005 -8"><span class='ocrx_word' id='word_1_296' title='bbox 236 2542 267 2563; x_wconf 91' lang='lat' dir='ltr'>1s</span> <span class='ocrx_word' id='word_1_297' title='bbox 290 2540 451 2571; x_wconf 72' lang='lat' dir='ltr'>missmg.</span> 
     </span>
    </p>

    <p class='ocr_par' dir='ltr' id='par_1_11' title="bbox 289 2573 1434 2617">
     <span class='ocr_line' id='line_1_37' title="bbox 289 2573 1434 2617; baseline -0.003 -11"><span class='ocrx_word' id='word_1_298' title='bbox 289 2574 301 2593; x_wconf 87' lang='lat'><strong>²</strong></span> <span class='ocrx_word' id='word_1_299' title='bbox 318 2577 408 2615; x_wconf 74' lang='lat' dir='ltr'>Aug.</span> <span class='ocrx_word' id='word_1_300' title='bbox 430 2577 474 2607; x_wconf 89' lang='lat' dir='ltr'>de</span> <span class='ocrx_word' id='word_1_301' title='bbox 494 2576 588 2607; x_wconf 89' lang='lat' dir='ltr'>Octo</span> <span class='ocrx_word' id='word_1_302' title='bbox 608 2577 713 2608; x_wconf 84' lang='lat' dir='ltr'>Dulc.</span> <span class='ocrx_word' id='word_1_303' title='bbox 735 2577 884 2616; x_wconf 76' lang='lat' dir='ltr'>Quaest.</span> <span class='ocrx_word' id='word_1_304' title='bbox 907 2585 935 2606; x_wconf 93' lang='lat'>11</span> <span class='ocrx_word' id='word_1_305' title='bbox 955 2575 970 2617; x_wconf 84' lang='lat'>§</span> <span class='ocrx_word' id='word_1_306' title='bbox 989 2585 1040 2611; x_wconf 86' lang='lat' dir='ltr'>1v,</span> <span class='ocrx_word' id='word_1_307' title='bbox 1062 2577 1193 2616; x_wconf 82' lang='lat' dir='ltr'>Migne,</span> <span class='ocrx_word' id='word_1_308' title='bbox 1216 2576 1299 2606; x_wconf 81' lang='lat' dir='ltr'><strong>P.L.</strong></span> <span class='ocrx_word' id='word_1_309' title='bbox 1324 2573 1434 2604; x_wconf 67' lang='lat' dir='ltr'>XL153.</span> 
     </span>
    </p>

    <p class='ocr_par' dir='ltr' id='par_1_12' title="bbox 288 2614 1687 2696">
     <span class='ocr_line' id='line_1_38' title="bbox 288 2614 1687 2661; baseline -0.005 -11"><span class='ocrx_word' id='word_1_310' title='bbox 288 2619 301 2638; x_wconf 81' lang='lat'>³</span> <span class='ocrx_word' id='word_1_311' title='bbox 318 2620 424 2650; x_wconf 76' lang='lat' dir='ltr'>Bern.</span> <span class='ocrx_word' id='word_1_312' title='bbox 452 2620 564 2651; x_wconf 82' lang='lat' dir='ltr'>Serm.</span> <span class='ocrx_word' id='word_1_313' title='bbox 590 2621 626 2651; x_wconf 89' lang='lat' dir='ltr'>in</span> <span class='ocrx_word' id='word_1_314' title='bbox 652 2622 719 2652; x_wconf 90' lang='lat' dir='ltr'>Ob.</span> <span class='ocrx_word' id='word_1_315' title='bbox 748 2622 854 2653; x_wconf 75' lang='lat' dir='ltr'>Doni.</span> <span class='ocrx_word' id='word_1_316' title='bbox 884 2622 995 2653; x_wconf 85' lang='lat' dir='ltr'>Hum.</span> <span class='ocrx_word' id='word_1_317' title='bbox 1022 2620 1037 2661; x_wconf 66' lang='grc' dir='ltr'>ξ</span> <span class='ocrx_word' id='word_1_318' title='bbox 1061 2629 1145 2653; x_wconf 81' lang='lat' dir='ltr'>V111.</span> <span class='ocrx_word' id='word_1_319' title='bbox 1171 2621 1302 2659; x_wconf 67' lang='lat' dir='ltr'>Migne</span> <span class='ocrx_word' id='word_1_320' title='bbox 1329 2619 1413 2649; x_wconf 71' lang='lat' dir='ltr'>PL.</span> <span class='ocrx_word' id='word_1_321' title='bbox 1439 2614 1687 2647; x_wconf 39' lang='lat' dir='ltr'>CLXXXIII-5¹&amp;</span> 
     </span>
     <span class='ocr_line' id='line_1_39' title="bbox 288 2663 534 2696; baseline 0.004 -2"><span class='ocrx_word' id='word_1_322' title='bbox 288 2663 301 2682; x_wconf 77' lang='lat'>⁴¹</span> <span class='ocrx_word' id='word_1_323' title='bbox 319 2664 420 2696; x_wconf 83' lang='lat' dir='ltr'>Ioan.</span> <span class='ocrx_word' id='word_1_324' title='bbox 450 2663 534 2695; x_wconf 81' lang='lat' dir='ltr'>X125.</span> 
     </span>
    </p>

    <p class='ocr_par' dir='ltr' id='par_1_13' title="bbox 290 2707 533 2740">
     <span class='ocr_line' id='line_1_40' title="bbox 290 2707 533 2740; baseline 0.004 -2"><span class='ocrx_word' id='word_1_325' title='bbox 290 2707 303 2726; x_wconf 88' lang='lat'>⁵</span> <span class='ocrx_word' id='word_1_326' title='bbox 321 2709 420 2740; x_wconf 84' lang='lat' dir='ltr'>Ioan.</span> <span class='ocrx_word' id='word_1_327' title='bbox 447 2707 533 2739; x_wconf 72' lang='lat' dir='ltr'>V140.</span> 
     </span>
    </p>

    <p class='ocr_par' dir='ltr' id='par_1_14' title="bbox 290 2751 514 2784">
     <span class='ocr_line' id='line_1_41' title="bbox 290 2751 514 2784; baseline 0.004 -2"><span class='ocrx_word' id='word_1_328' title='bbox 290 2751 302 2770; x_wconf 76' lang='lat'>⁸</span> <span class='ocrx_word' id='word_1_329' title='bbox 320 2753 420 2784; x_wconf 86' lang='lat' dir='ltr'>loan.</span> <span class='ocrx_word' id='word_1_330' title='bbox 446 2751 514 2784; x_wconf 68' lang='lat' dir='ltr'>V23.</span> 
     </span>
    </p>

    <p class='ocr_par' dir='ltr' id='par_1_15' title="bbox 291 2796 514 2828">
     <span class='ocr_line' id='line_1_42' title="bbox 291 2796 514 2828; baseline 0.009 -2"><span class='ocrx_word' id='word_1_331' title='bbox 291 2796 302 2815; x_wconf 88' lang='lat'>⁷</span> <span class='ocrx_word' id='word_1_332' title='bbox 322 2797 421 2828; x_wconf 83' lang='lat' dir='ltr'>Ioan.</span> <span class='ocrx_word' id='word_1_333' title='bbox 448 2796 514 2828; x_wconf 72' lang='lat' dir='ltr'>V25.</span> 
     </span>
    </p>

    <p class='ocr_par' dir='ltr' id='par_1_16' title="bbox 294 2839 659 2873">
     <span class='ocr_line' id='line_1_43' title="bbox 294 2839 659 2873; baseline 0.008 -3"><span class='ocrx_word' id='word_1_334' title='bbox 294 2839 333 2870; x_wconf 78' lang='lat'>⁸1</span> <span class='ocrx_word' id='word_1_335' title='bbox 357 2842 403 2872; x_wconf 83' lang='lat' dir='ltr'>ad</span> <span class='ocrx_word' id='word_1_336' title='bbox 427 2842 550 2873; x_wconf 84' lang='lat' dir='ltr'>Thess.</span> <span class='ocrx_word' id='word_1_337' title='bbox 576 2841 659 2873; x_wconf 53' lang='grc' dir='ltr'>ΝΒ.</span> 
     </span>
    </p>

    <p class='ocr_par' dir='ltr' id='par_1_17' title="bbox 269 2884 652 2961">
     <span class='ocr_line' id='line_1_44' title="bbox 294 2884 500 2926; baseline 0.01 -11"><span class='ocrx_word' id='word_1_338' title='bbox 294 2884 307 2902; x_wconf 79' lang='lat'>⁹</span> <span class='ocrx_word' id='word_1_339' title='bbox 322 2886 386 2916; x_wconf 85' lang='lat' dir='ltr'>Ms.</span> <span class='ocrx_word' id='word_1_340' title='bbox 411 2886 500 2926; x_wconf 89' lang='lat' dir='ltr'>quid</span> 
     </span>
     <span class='ocr_line' id='line_1_45' title="bbox 269 2928 652 2961; baseline 0.005 -2"><span class='ocrx_word' id='word_1_341' title='bbox 269 2928 300 2947; x_wconf 83' lang='lat'>1⁰</span> <span class='ocrx_word' id='word_1_342' title='bbox 320 2937 332 2959; x_wconf 93' lang='lat'>1</span> <span class='ocrx_word' id='word_1_343' title='bbox 354 2931 400 2961; x_wconf 83' lang='lat' dir='ltr'>ad</span> <span class='ocrx_word' id='word_1_344' title='bbox 423 2931 546 2961; x_wconf 84' lang='lat' dir='ltr'>Thess.</span> <span class='ocrx_word' id='word_1_345' title='bbox 571 2929 652 2961; x_wconf 77' lang='lat' dir='ltr'>1v15.</span> 
     </span>
    </p>
   </div>
  </div>
 </body>
</html>
