2001 3250
78 990 126 1017 10

75 1319 122 1359 15

71 1982 120 2022 25

74 2315 124 2353 30

76 2644 125 2684 35

593 245 667 284 ΕΤ
692 245 959 285 SUPERNA
985 245 1329 286 MEDITANDI.
1686 258 1736 297 91

194 380 366 419 fuerunt
394 377 630 423 constituti,
661 381 806 416 tamen
834 377 1092 428 cogitatione
1119 383 1163 417 et
1191 378 1400 417 aviditate
1427 377 1470 416 in
1498 377 1569 415 illa
1593 381 1740 416 eterna

195 445 357 497 premia
398 448 498 483 sunt
539 443 791 489 conversati,
836 443 924 490 hos,
968 444 1156 495 inquam,
1201 444 1381 495 supplex
1423 443 1648 494 deprecare
1690 448 1738 482 ut

197 511 305 551 sicut
331 511 403 549 illa
427 509 559 561 gloria
584 522 715 560 quam
740 509 1028 549 desideranter
1054 510 1360 561 concupierunt
1386 515 1428 548 et
1455 515 1546 548 tam
1572 509 1740 547 ardenti

197 577 340 616 animo
376 576 627 622 dilexerunt,
666 575 794 614 modo
829 580 922 614 tam
958 576 1082 615 beate
1119 577 1407 627 perfruuntur,
1446 575 1508 614 ita
1544 580 1587 614 te
1623 575 1740 626 apud

197 645 336 683 Deum
378 642 583 681 adiuvent
626 646 675 680 ut
717 654 869 692 corpus
911 647 1036 681 tuum
1077 647 1145 682 tot
1186 642 1375 688 miseriis,
1421 641 1736 685 afflictionibus,

196 709 519 749 infirmitatibus
573 712 616 746 et
672 708 879 758 angustiis
933 708 1161 759 affligatur,
1220 708 1336 759 quod
1390 720 1510 746 mens
1564 712 1641 746 tua
1696 712 1739 745 et

197 775 452 815 desiderium
485 774 541 813 ad
573 774 645 812 illa
678 774 849 812 celestia
882 774 1086 813 beneficia
1118 774 1451 826 contemplanda
1482 774 1741 812 incessanter

196 842 486 881 subleventur.
544 841 601 879 Et
627 844 675 878 ut
701 840 892 879 ordinem
917 841 1291 892 contemplationis
1315 841 1500 892 perfecte
1526 839 1742 878 custodias

197 907 394 960 primitus
421 907 478 946 ad
504 906 706 957 gloriosos
733 906 861 958 pedes
888 906 1171 946 humanitatis
1199 907 1366 953 Christi,
1397 906 1554 946 scilicet
1582 905 1741 944 miseri-

197 974 336 1013 cordie
360 978 403 1013 et
426 972 572 1012 iudicii
594 977 637 1011 te
662 972 878 1012 humiliter
901 977 945 1012 et
969 973 1123 1012 devote
1148 978 1404 1024 prosternas.
1463 972 1574 1023 Riga
1595 972 1742 1023 itaque

195 1054 267 1080 eos
299 1053 397 1079 cum
429 1040 558 1078 beata
590 1039 843 1089 Magdalena
877 1052 950 1090 per
983 1040 1169 1090 singulos
1202 1040 1385 1091 plorans,
1421 1051 1535 1077 nunc
1568 1038 1742 1089 quidem

195 1107 347 1159 pedem
382 1106 635 1151 sinistrum,1
668 1105 873 1144 iudicium
907 1105 1040 1157 ipsius
1074 1119 1150 1157 pro
1184 1106 1371 1157 peccatis
1404 1105 1491 1144 tuis
1525 1105 1743 1156 pertimes-

194 1173 340 1219 cendo,
367 1171 552 1211 lacrimis
576 1172 916 1223 compunctionis
940 1176 983 1211 et
1008 1172 1277 1211 contritionis
1301 1172 1452 1210 lavans
1472 1184 1479 1210 :
1506 1184 1619 1209 nunc
1643 1183 1745 1209 vero

194 1240 346 1291 pedem
379 1239 579 1278 dextrum
613 1238 664 1276 de
697 1238 984 1277 misericordia
1016 1243 1058 1277 et
1096 1239 1235 1290 (215b)
1272 1251 1345 1290 spe
1378 1237 1641 1287 indulgentie
1676 1237 1745 1288 pie

193 1305 489 1357 presumendo,
558 1304 741 1343 lacrimis
807 1304 1048 1343 devotionis
1113 1309 1156 1344 et
1223 1303 1603 1355 congratulationis
1668 1315 1746 1354 pro

193 1371 496 1411 iustificatione
522 1375 599 1409 tua
624 1370 793 1421 rigans:
823 1371 933 1417 lava,
963 1370 1139 1422 inquam
1167 1384 1249 1416 eos,
1278 1384 1364 1409 non
1391 1375 1439 1409 ut
1466 1369 1742 1415 mundentur,

195 1438 269 1490 qui
286 1442 386 1477 sunt
404 1436 684 1483 mundissimi,
707 1437 780 1475 sed
798 1442 846 1475 ut
865 1442 915 1476 tu
934 1450 1006 1488 per
1024 1438 1104 1476 hoc
1122 1437 1338 1476 munderis
1356 1441 1400 1475 et
1418 1435 1745 1475 misericorditer

194 1518 268 1556 per
290 1503 601 1554 indulgentiam
624 1503 756 1554 ipsius
779 1503 1029 1549 iustificeris,
1057 1516 1164 1554 quos
1187 1516 1285 1542 cum
1308 1503 1567 1541 incessanter
1591 1501 1745 1540 laveris

194 1571 416 1621 diligenter
441 1573 611 1620 exterge
638 1569 800 1620 capillis
825 1570 938 1608 tuis:
968 1570 1083 1620 quod
1110 1569 1283 1620 quidem
1309 1570 1381 1608 fiet
1409 1569 1442 1607 si
1469 1569 1519 1607 de
1547 1568 1745 1607 omnibus

193 1637 390 1688 operibus
415 1636 538 1675 bonis
563 1649 645 1686 que
671 1636 771 1685 agis,
800 1640 843 1674 te
869 1636 1067 1674 ancillam
1092 1636 1288 1674 inutilem
1315 1648 1479 1686 semper
1504 1640 1675 1685 reputes
1701 1634 1743 1672 in

193 1702 524 1754 cogitationibus
554 1701 642 1741 tuis
672 1705 716 1742 et
747 1705 958 1753 tanquam
988 1701 1247 1753 detergendo
1278 1714 1304 1741 a
1334 1705 1565 1753 conspectu
1605 1700 1745 1740 cordis

191 1770 257 1809 tui
276 1783 325 1808 ea
345 1782 421 1820 pro
440 1768 596 1807 nichilo
616 1768 759 1814 ducaS,
782 1768 883 1819 quia
902 1769 1109 1807 veraciter
1129 1781 1205 1819 pro
1225 1768 1380 1806 nichilo
1401 1768 1558 1806 debent
1578 1767 1739 1805 haberi.

192 1836 314 1887 Ipsos
340 1835 472 1874 etiam
498 1835 678 1873 dulciter
705 1835 904 1881 osculare,
933 1834 978 1873 id
1004 1839 1067 1873 est
1095 1848 1171 1886 pro
1199 1835 1321 1873 bonis
1346 1834 1479 1885 ipsius
1505 1833 1740 1884 gratiarum

192 1902 381 1941 actiones
401 1901 439 1940 ei
458 1901 717 1940 incessanter
738 1901 862 1939 stude
882 1901 1048 1940 referre.
1108 1902 1339 1951 Unguento
1360 1913 1529 1951 quoque
1552 1899 1741 1951 precioso

192 1982 262 2008 eos
296 1981 451 2018 ungere
486 1980 616 2013 cures,
654 1967 770 2018 quod
805 1968 877 2006 fiet
912 1967 947 2005 si
981 1967 1097 2006 omni
1132 1967 1387 2018 pinguedine
1423 1958 1663 2005 devotionis
1699 1970 1740 2004 et

191 2035 357 2074 interne
404 2033 641 2073 affectionis
688 2033 967 2072 demulcendo
1014 2033 1073 2072 eis
1118 2033 1377 2072 incessanter
1424 2033 1613 2078 adheres‚
1663 2032 1743 2070 hiis

192 2101 329 2140 beatis
379 2099 559 2152 pedibus
608 2099 697 2138 sine
746 2099 1058 2139 intermissione
1108 2100 1163 2138 sis
1213 2099 1454 2151 provoluta,
1508 2098 1610 2150 quia
1660 2111 1742 2149 que

193 2167 378 2207 cothidie
412 2179 561 2218 peccas
594 2179 759 2217 semper
791 2166 954 2216 indiges
986 2166 1286 2205 misericordia.
1345 2166 1413 2204 Ad
1445 2165 1577 2216 ipsius
1610 2164 1742 2203 etiam

193 2246 346 2272 manus
392 2232 720 2283 preciosissimas
766 2232 970 2283 sanguine
1014 2232 1198 2284 repletas
1244 2236 1413 2283 oportet
1460 2236 1508 2271 ut
1555 2231 1743 2270 velocius

195 2311 402 2350 assurgas,
469 2298 625 2349 quibus
689 2311 715 2336 a
779 2299 944 2338 cunctis
1008 2299 1203 2337 sordibus
1268 2298 1454 2350 pulveris
1520 2297 1742 2348 diligenter

196 2365 485 2416 detergearis‚2
513 2369 555 2403 et
584 2364 639 2403 ab
668 2365 785 2404 omni
811 2364 906 2403 labe
935 2369 977 2403 et
1006 2365 1332 2416 inquinamento
1361 2364 1525 2416 peccati
1553 2364 1742 2402 studiose

195 2432 346 2471 abluta
379 2431 577 2470 decenter
611 2431 863 2477 emunderis
902 2436 1032 2482 atque
1068 2431 1259 2470 omnium
1292 2431 1507 2469 virtutum
1542 2430 1664 2481 copia
1699 2434 1742 2468 et

197 2497 461 2550 plenitudine
502 2497 749 2548 gratiarum,
793 2502 1002 2548 tanquam
1045 2498 1188 2548 pulcre
1230 2497 1432 2536 dealbata
1471 2495 1743 2547 resplendens

197 2569 239 2604 et
282 2564 418 2616 (216a)
461 2562 624 2613 fulgida
661 2563 932 2602 abundanter
970 2563 1197 2614 implearis.
1257 2563 1353 2614 Ipse
1393 2562 1506 2601 enim
1548 2563 1572 2576 “
1593 2561 1742 2600 dilexit

196 2643 274 2669 nos
302 2634 346 2669 et
373 2629 480 2668 lavit
508 2642 586 2668 nos
614 2629 657 2667 in
687 2629 890 2680 sanguine
919 2642 996 2668 suo
1024 2642 1050 2668 a
1078 2629 1265 2681 peccatis
1292 2628 1513 2675 nostris,”³
1540 2633 1583 2667 et
1613 2627 1744 2667 etiam

197 2697 273 2736 dat
307 2695 505 2735 omnibus
537 2695 763 2735 affluenter
796 2700 838 2734 et
872 2708 958 2734 non
992 2700 1193 2747 properat
1226 2700 1437 2746 tanquam
1470 2694 1667 2746 predives
1701 2698 1744 2733 et

245 2779 258 2798 1
273 2780 382 2810 Bern.
402 2778 515 2809 Serm.
533 2778 573 2809 in
588 2778 695 2810 Cant.
712 2777 784 2815 111²,
803 2779 936 2819 Migne,
957 2779 1044 2812 P.L.
1063 2778 1304 2809 οιΧΧΧΠΙῚΜ
1320 2788 1326 2809 ;
1348 2788 1407 2820 op.
1429 2778 1491 2810 cit.
1515 2777 1582 2813 1v4‚
1600 2778 1732 2817 >ligna

198 2824 283 2855 RL.
307 2821 555 2854 CLXXXI11793.

246 2867 259 2886 ²
274 2868 339 2898 ΜΞ.
363 2866 566 2907 detergatis

242 2911 257 2933 3
271 2913 386 2954 Apoc.
406 2909 448 2942 1⁵.
