2001 3250
146 979 192 1007 10

146 1637 195 1666 20

150 2297 199 2334 30

151 2623 200 2664 35

251 254 302 294 54
649 239 991 280 INSTRUCTIO
1016 238 1112 277 PIE
1134 238 1379 277 VIVENDI

252 373 504 418 mendando,
549 371 838 421 impugnando
881 374 923 409 et
966 370 1162 409 terrendo
1206 369 1342 421 qualis
1384 370 1439 408 sis
1481 381 1695 419 agnoscas,
1741 375 1782 407 et

252 452 472 491 nunquam
504 438 554 476 de
585 436 868 488 pulcritudine
898 449 972 474 seu
1001 435 1252 475 fortitudine
1283 440 1358 474 aut
1389 436 1468 474 hiis
1498 434 1784 473 consimilibus

256 520 325 545 cor
359 511 482 544 tuum
520 503 653 554 (184a)
691 502 890 541 elevetur.
950 501 1113 540 Cuncta
1145 502 1257 540 enim
1292 514 1374 552 que
1408 514 1433 540 a
1467 501 1578 539 bono
1612 505 1784 538 auctore

259 576 357 611 sunt
387 574 540 615 creata,
572 568 615 606 in
646 581 722 607 suo
751 580 899 618 genere
929 568 1042 606 bona
1070 580 1158 607 esse
1187 568 1440 606 noscunturl
1470 567 1567 606 licet
1598 566 1783 617 quedam

260 650 336 677 sua
371 634 647 687 perversitate
682 638 757 672 aut
793 633 959 672 malicia
994 634 1250 684 quandoque
1284 634 1502 673 vitientur.
1561 632 1643 672 Sed
1678 632 1786 671 forte

261 703 375 748 dicis,
407 703 429 715 ‘¹
451 701 652 752 plurimas
680 705 816 739 sectas
843 713 942 746 esse,
973 704 1017 738 et
1045 700 1159 751 quod
1187 700 1301 738 Deus
1330 699 1610 738 diversimode
1637 698 1787 737 colitur

262 768 490 813 considero,
514 771 556 805 et
578 766 673 805 ideo
694 766 761 804 cui
782 779 927 805 earum
948 779 1015 804 me
1037 765 1304 817 potissimum
1325 766 1590 804 committere
1611 764 1789 803 debeam

263 847 432 886 prorsus
450 833 638 883 ignoro.''
662 831 729 870 Ad
746 832 861 883 quod
881 832 1065 871 breviter
1084 831 1374 883 respondetur,
1395 831 1496 883 quia
1516 843 1660 870 omnes
1677 834 1788 869 secte

264 901 319 940 ad
379 905 476 945 tres,
533 898 688 937 scilicet
754 910 1017 949 paganorum
1069 898 1296 937 Iudeorum
1350 903 1392 937 et
1448 897 1781 936 Christianorum

263 967 535 1005 reducuntur.
569 965 619 1003 In
651 969 766 1003 secta
796 977 1058 1015 paganorum
1088 977 1172 1003 non
1190 965 1374 1003 multum
1396 964 1521 1002 debet
1552 962 1784 1007 immoveri,

264 1033 365 1084 quia
409 1031 538 1082 ydola
582 1030 842 1077 manufacta,
890 1030 1046 1069 scilicet
1076 1030 1255 1081 lapidea,
1303 1030 1451 1081 lignea,
1499 1034 1698 1080 argentea
1746 1032 1789 1066 et

264 1097 505 1137 huiusmodi
534 1109 619 1135 non
642 1096 845 1135 habentia
865 1109 1033 1135 sensum
1049 1096 1234 1142 videndi,
1261 1096 1460 1135 audiendi
1480 1099 1555 1134 aut
1574 1093 1787 1146 loquendi,

264 1178 341 1216 pro
363 1164 454 1203 Deo
470 1167 703 1202 noscuntur
720 1163 853 1202 colere
869 1167 911 1201 et
929 1163 1131 1202 venerari.
1211 1162 1276 1201 De
1294 1167 1408 1201 secta
1425 1174 1522 1212 ergo
1540 1161 1781 1205 Iudeorum,

265 1230 337 1282 qui
354 1243 380 1268 a
414 1229 506 1268 Deo
521 1229 654 1280 legem
672 1233 924 1280 acceperunt
960 1233 1002 1268 et
1020 1228 1099 1267 Dei
1117 1229 1298 1268 cultores
1315 1228 1571 1280 quandoque
1602 1227 1788 1272 fuerunt,

264 1296 447 1335 breviter
469 1299 533 1334 est
556 1295 794 1334 dicendum.
852 1295 944 1334 Hec
965 1307 1098 1346 usque
1121 1295 1177 1333 ad
1199 1295 1434 1334 adventum
1457 1293 1628 1333 Christi2
1649 1293 1693 1332 in
1716 1304 1794 1331 suo

265 1367 383 1401 statu
424 1362 667 1412 permansit,
713 1361 785 1400 sed
826 1361 869 1399 in
911 1361 1004 1412 ipso
1044 1361 1276 1400 secundum
1317 1361 1449 1400 verba
1490 1360 1793 1411 prophetarum

265 1429 392 1467 finem
420 1428 609 1478 accepit:
641 1427 753 1466 unde
781 1432 954 1466 sanctus
982 1427 1222 1478 patriarcha
1252 1427 1380 1466 Iacob
1408 1426 1658 1465 benedicens
1687 1424 1794 1463 filios

265 1507 363 1533 suos
389 1494 441 1532 de
467 1493 576 1532 Iuda
602 1493 722 1539 dixit,
753 1494 880 1532 “non
907 1493 1120 1532 auferetur
1146 1493 1378 1544 sceptrum3
1405 1492 1455 1531 de
1483 1492 1602 1537 Iuda,
1632 1495 1674 1530 et
1702 1491 1790 1529 dux

266 1560 317 1599 de
350 1560 506 1599 femore
538 1559 638 1605 eius,
673 1559 806 1598 donec
837 1559 1001 1599 veniat‘²
1033 1559 1106 1611 qui
1136 1559 1372 1599 mittendus
1403 1563 1479 1604 est,
1515 1563 1557 1597 et
1589 1558 1678 1609 ipse
1710 1557 1788 1595 erit

265 1625 506 1677 expectatio
549 1625 802 1675 gentium.”⁵
857 1626 951 1664 Hoc
994 1625 1037 1664 in
1083 1626 1247 1665 Christo
1292 1625 1347 1663 ad
1390 1625 1556 1664 literam
1600 1624 1793 1662 videmus

265 1692 500 1743 impletum,
528 1691 628 1742 quia
653 1691 704 1729 de
728 1692 821 1742 ipso
845 1692 1007 1730 dudum
1032 1692 1170 1730 fuerat
1196 1691 1531 1742 prenunciatum,
1560 1696 1655 1741 post
1681 1689 1794 1728 enim

266 1759 354 1797 eius
377 1758 611 1796 adventum
633 1770 750 1807 reges
773 1758 824 1796 de
848 1758 976 1808 stirpe
1001 1758 1110 1796 Iuda
1132 1757 1433 1796 descendentes
1455 1770 1542 1795 esse
1567 1755 1791 1800 desierunt,

267 1824 339 1874 qui
363 1823 477 1874 prius
499 1823 540 1861 in
563 1823 634 1861 illa
656 1828 779 1873 gente
801 1823 845 1861 in
871 1824 1008 1874 (184b)
1034 1836 1188 1873 magno
1211 1825 1367 1862 honore
1390 1828 1432 1862 et
1455 1823 1585 1873 gloria
1608 1822 1791 1860 fuerunt.

267 1890 464 1929 Similiter
492 1889 723 1940 pontifices,
753 1891 969 1941 prophete,
1000 1890 1221 1928 cerimonie
1249 1894 1291 1928 et
1320 1894 1458 1928 cetera
1484 1889 1632 1938 legalia
1659 1900 1795 1926 sacra-

267 1960 423 2001 menta,
488 1955 740 1994 adveniente
802 1956 938 2006 gratia
1000 1961 1041 1995 et
1103 1956 1284 1994 veritate
1344 1955 1457 1994 Novi
1518 1953 1793 1999 Testamenti,

269 2026 550 2067 cessaverunt,
597 2021 697 2072 quia
740 2022 828 2060 eius
872 2023 1004 2072 figura
1047 2026 1089 2060 et
1133 2022 1284 2060 umbra
1328 2021 1541 2060 fuerunt.⁶
1597 2021 1653 2059 Et
1688 2020 1794 2058 bene

270 2088 458 2126 Christus
492 2087 733 2138 expectatio
767 2101 851 2126 non
886 2088 1022 2126 solum
1058 2089 1296 2134 Iudeorum,
1334 2087 1407 2126 sed
1440 2087 1570 2125 etiam
1605 2085 1795 2136 gentium

269 2154 433 2198 dicitur,
473 2153 573 2204 quia
609 2158 736 2192 antea
772 2158 943 2192 tantum
979 2158 1106 2192 notus
1142 2154 1184 2192 in
1222 2153 1354 2192 Iudea
1390 2158 1480 2192 erat
1517 2153 1643 2197 Deus,
1682 2163 1795 2189 nunc

269 2224 413 2258 autem
450 2219 492 2257 in
530 2219 644 2258 omni
680 2224 804 2269 gente
842 2233 914 2271 per
950 2220 1194 2259 universum
1230 2220 1438 2258 mundum
1474 2231 1627 2257 nomen
1663 2217 1795 2268 ipsius

269 2285 550 2335 glorificatur:
589 2285 739 2324 merito
775 2285 958 2337 quidem,
997 2286 1097 2337 quia
1131 2299 1215 2325 non
1251 2290 1422 2324 tantum
1460 2285 1686 2323 Iudeorum
1721 2283 1795 2321 sed

269 2351 399 2389 etiam
430 2351 620 2400 gentium
651 2351 767 2390 Deus
798 2365 886 2391 esse
918 2352 1193 2402 cognoscitur,
1228 2356 1271 2390 et
1302 2352 1396 2390 ideo
1429 2351 1537 2389 sicut
1570 2349 1700 2395 Iudei,
1736 2349 1794 2387 sic

270 2417 399 2455 etiam
426 2421 571 2467 gentes
597 2417 725 2467 glorie
751 2417 831 2456 Dei
858 2431 930 2469 per
958 2418 1171 2457 Christum
1199 2417 1519 2468 participantur.
1577 2416 1659 2455 Sed
1686 2415 1795 2453 forte

270 2482 419 2533 queris,
451 2495 581 2533 quare
610 2483 729 2522 Iudei
756 2483 898 2522 vivere
926 2484 1233 2535 permittuntur
1261 2496 1286 2522 a
1314 2483 1467 2534 quibus
1496 2482 1685 2521 Christus
1713 2480 1793 2519 fuit

269 2548 525 2587 crucifixus?
586 2548 801 2599 Siquidem
839 2554 1011 2600 propter
1048 2550 1205 2588 multas
1242 2549 1438 2595 rationes,
1479 2553 1521 2587 et
1560 2547 1795 2599 specialiter

270 2618 441 2665 propter
459 2619 555 2652 tres.
615 2615 755 2653 Primo
775 2628 781 2654 :
804 2615 904 2666 quia
921 2615 1016 2654 libri
1034 2615 1139 2654 sacri
1156 2615 1343 2666 ipsorum
1362 2615 1417 2653 ad
1435 2612 1795 2665 comprobandam

271 2684 314 2718 et
353 2679 644 2718 instruendam
684 2681 810 2719 fidem
850 2686 1039 2720 nostram
1078 2680 1299 2720 necessarii
1339 2693 1427 2719 esse
1466 2684 1708 2725 noscuntur,
1751 2682 1794 2718 et

318 2771 330 2791 ¹
347 2772 410 2803 Ms.
433 2772 494 2807 sic,
518 2773 586 2803 but
606 2774 692 2804 read
712 2777 917 2806 nascuntur
934 2773 945 2804 ?
965 2783 972 2805 ;
994 2775 1042 2807 cf.
1063 2774 1173 2806 Cone.
1196 2774 1277 2805 Lat.
1300 2781 1341 2804 lv
1362 2774 1432 2813 (an.
1461 2774 1560 2812 1215)
1581 2771 1597 2813 §
1616 2781 1628 2802 1
1644 2774 1689 2804 de
1708 2772 1798 2804 Fide

271 2817 392 2850 Catii..
417 2816 670 2848 Denz.-Bann.
694 2815 710 2857 ἓ
731 2819 810 2849 428.
1218 2816 1310 2849 ⁴Ms.
1336 2818 1460 2849 veniet

321 2859 394 2891 ²ad
418 2860 523 2890 Rom.
550 2859 603 2890 x4.
1217 2860 1334 2893 ⁶Gen.
1364 2860 1507 2892 XL1x10.

321 2903 334 2922 ³
349 2905 413 2934 Ms.
436 2907 617 2944 ceptrum,
639 2904 684 2935 cf.
708 2914 819 2945 supra
836 2915 870 2946 p.
889 2904 964 2937 39⁸.
1217 2904 1291 2937 “ad
1316 2906 1410 2937 Heb.
1438 2904 1491 2936 xl.
