2001 3250
151 1001 200 1028 10

153 1663 203 1693 20

153 1994 203 2034 25

153 2327 202 2365 30

154 2659 205 2702 35

672 254 744 293 ET
772 255 1041 294 SUPERNA
1067 255 1412 294 MEDITANDI.
1751 255 1802 304 63

268 387 417 426 mulier
441 387 484 425 in
508 387 723 433 feminino,
752 399 897 426 omnes
922 392 1021 426 sunt
1046 387 1330 433 resurrecturi,
1359 387 1467 427 sicut
1493 386 1701 427 Dominus
1726 387 1799 433 ait,

271 454 356 492 “in
396 453 698 492 resurrectione
738 466 874 504 neque
914 454 1077 493 nubent
1118 467 1254 505 neque
1294 454 1521 500 nubentur,
1565 452 1638 492 sed
1678 457 1802 492 erunt

270 520 378 559 sicut
407 519 544 570 angeli
572 519 651 559 Dei
679 519 722 558 in
752 520 840 559 celo
859 519 901 543 ”1
922 532 930 566 ;
962 533 1034 571 per
1063 520 1190 571 quod,
1222 520 1330 559 sicut
1360 521 1511 559 beatus
1540 519 1803 569 Augustinus

270 586 343 632 ait,
384 586 604 637 “uterque
640 599 764 625 sexus
799 591 1107 626 resurrecturus
1143 599 1227 625 non
1263 586 1498 626 dubitatur.
1557 586 1653 624 Non
1690 586 1803 624 enim

271 652 401 691 libido
421 652 511 698 erit,
536 665 644 703 quae
665 653 921 691 confusionis
941 665 1069 692 causa
1088 666 1176 692 esse
1197 653 1413 704 probatur,
1437 665 1537 691 nam
1557 653 1804 703 priusquam

272 723 516 770 peccassent
549 719 614 757 Vir
647 723 689 758 et
724 719 882 758 femina
914 719 1019 757 nudi
1052 723 1173 758 erant
1208 723 1250 759 et
1284 732 1369 758 non
1404 718 1801 758 confundebantur:

272 785 516 836 corporibus
542 798 641 835 ergo
666 785 747 824 illis
774 785 884 824 vicia
912 785 1201 831 detrahentur,
1232 790 1387 824 natura
1414 785 1664 824 servabitur.
1723 784 1805 835 Qui

271 864 368 902 ergo
404 856 634 902 utrumque
671 865 820 890 sexum
856 852 1056 897 instituit,
1097 857 1326 904 utrumque
1367 852 1504 903 (191b)
1545 851 1804 890 restituet.''2

272 918 470 958 Similiter
505 918 633 956 nichil
669 918 841 956 omnino
876 919 1122 969 corporibus
1157 918 1300 961 deerit.
1340 918 1448 957 sicut
1485 918 1693 957 Dominus
1729 917 1801 963 ait,

273 985 492 1035 “capillus
532 985 582 1023 de
623 984 762 1035 capite
802 990 945 1023 vestro
984 998 1069 1023 non
1111 985 1264 1036 peribit
1285 985 1354 1023 ”31
1398 998 1473 1023 nec
1514 988 1686 1035 propter
1725 984 1805 1022 hoc

272 1051 512 1102 putandum
542 1051 657 1102 quod
685 1051 845 1101 gilbosi‚
879 1051 966 1090 sive
996 1052 1147 1097 claudi,
1179 1052 1246 1090 vel
1276 1064 1462 1095 mancus
1496 1056 1570 1089 aut
1602 1050 1698 1095 ceci,
1731 1062 1805 1088 seu

272 1117 396 1156 nimis
452 1117 627 1168 pingues
666 1118 735 1156 vel
775 1118 1020 1157 machilenti
1059 1123 1100 1157 et
1143 1118 1383 1157 huiusmodi
1424 1118 1479 1156 ad
1518 1117 1696 1156 eandem
1736 1116 1805 1154 de—

272 1184 535 1223 formitatem
590 1185 845 1234 resurgendo
901 1189 1179 1231 revertentur,
1240 1185 1313 1223 sed
1370 1184 1477 1223 sicut
1536 1184 1596 1222 ait
1654 1183 1805 1221 beatus

272 1250 547 1301 Augustinus,
601 1250 702 1288 “ibi
736 1264 816 1301 que
850 1263 984 1302 prava
1017 1256 1117 1290 sunt
1150 1251 1409 1301 corrigentur
1443 1255 1484 1289 et
1519 1250 1634 1301 quod
1666 1249 1806 1288 minus

273 1322 336 1356 est
362 1330 491 1368 quam
515 1317 631 1368 quod
655 1317 775 1356 decet
800 1317 912 1356 unde
935 1322 978 1356 et
1004 1322 1167 1356 creator
1190 1317 1311 1356 novit
1335 1317 1433 1356 inde
1458 1322 1499 1356 et
1525 1315 1802 1367 supplebitur,

274 1389 315 1423 et
345 1383 460 1434 quod
489 1383 583 1434 plus
611 1387 674 1422 est
704 1397 834 1434 quam
863 1383 979 1435 quod
1007 1384 1127 1422 decet
1156 1384 1335 1422 materia
1363 1388 1533 1422 servata
1560 1381 1805 1433 integritate

273 1450 533 1489 detrahetur.
592 1449 790 1489 Similiter
854 1463 904 1489 ea
967 1463 1048 1501 que
1112 1450 1344 1489 deformem
1408 1450 1574 1488 factura
1636 1449 1805 1487 fuerant

274 1517 572 1556 enormitatem
611 1529 747 1555 masse
786 1516 866 1567 ipsi
905 1529 1123 1555 accessura
1163 1530 1250 1556 esse
1290 1530 1374 1555 non
1414 1516 1515 1555 locis
1554 1516 1597 1554 in
1652 1514 1806 1566 quibus

274 1583 410 1621 forma
452 1583 645 1634 turpiter,
690 1583 808 1622 velut
851 1583 884 1621 si
927 1583 978 1622 de
1019 1584 1121 1621 limo
1161 1596 1238 1622 vas
1266 1584 1382 1622 fieret
1425 1582 1540 1634 quod
1566 1594 1734 1620 rursum
1759 1580 1802 1618 in

273 1650 455 1689 eundem
499 1649 648 1688 limum
693 1650 915 1688 redactum
960 1654 1103 1688 totum
1134 1650 1185 1688 de
1232 1654 1325 1688 toto
1355 1650 1510 1688 iterum
1558 1649 1686 1693 fieret,
1720 1660 1806 1685 non

272 1721 381 1755 esset
400 1729 565 1755 necesse
584 1725 631 1755 ut
649 1716 721 1754 illa
738 1729 835 1767 pars
853 1716 941 1754 limi
959 1729 1040 1767 que
1058 1716 1101 1754 in
1120 1729 1223 1755 ansa
1241 1716 1378 1754 fuerat
1398 1716 1453 1754 ad
1471 1727 1618 1754 ansam
1635 1714 1803 1760 rediret,

273 1788 348 1822 aut
372 1796 453 1833 que
475 1783 657 1821 fundum
680 1782 835 1821 fecerat
857 1783 950 1833 ipsa
971 1795 1115 1821 rursus
1137 1783 1291 1821 faceret
1316 1782 1508 1827 fundum,
1535 1781 1637 1819 dum
1660 1786 1805 1819 tamen

273 1854 415 1889 totum
435 1854 717 1888 reverteretur
737 1849 780 1887 in
802 1854 956 1895 totum,
981 1849 1024 1888 id
1047 1854 1109 1888 est
1130 1849 1198 1887 ille
1220 1849 1344 1887 limus
1365 1849 1407 1886 in
1430 1852 1572 1887 totum
1593 1860 1670 1885 vas
1690 1845 1808 1884 nulla

273 1916 337 1955 sui
378 1921 498 1967 parte
538 1915 704 1967 perdita
742 1921 960 1961 remearet,
1004 1920 1263 1966 quapropter
1303 1915 1442 1966 capilli
1482 1914 1595 1953 tonsi
1634 1913 1804 1957 totiens,

271 1995 433 2033 ungues
455 1995 625 2034 quoque
648 1982 805 2021 desecti
829 1982 884 2020 ad
906 1983 998 2021 loca
1021 1995 1098 2021 sua
1120 1981 1364 2021 deformiter
1386 1994 1471 2019 non
1493 1980 1706 2025 redibunt,
1731 1991 1808 2017 nec

273 2054 417 2088 tamen
450 2050 601 2100 cuique
631 2049 865 2100 resurgenti
898 2049 1108 2100 peribunt,
1143 2049 1244 2099 quia
1274 2049 1317 2086 in
1349 2048 1528 2087 eandem
1559 2058 1728 2085 carnem
1758 2049 1808 2083 ut

273 2128 568 2167 quemcunque
622 2115 762 2154 locum
815 2116 874 2154 ibi
929 2115 1114 2166 corporis
1168 2119 1342 2154 teneant
1398 2118 1567 2153 servata
1621 2112 1809 2164 partium

273 2182 548 2233 congruentia
599 2182 773 2221 materie
824 2182 1114 2221 mutabilitate
1165 2181 1451 2220 vertentur.”4
1486 2181 1509 2194 “
1528 2180 1677 2230 Neque
1727 2179 1808 2216 hoc

274 2249 451 2288 dixerim
477 2248 593 2299 quod
617 2249 778 2300 aliquid
803 2249 1042 2287 existimem
1067 2248 1231 2299 corpori
1256 2247 1407 2298 cuique
1433 2247 1668 2298 periturum
1694 2243 1809 2296 quod

273 2315 524 2354 naturaliter
564 2315 712 2361 inerat,
759 2315 831 2354 sed
874 2319 1043 2354 servata
1088 2314 1222 2366 (roza)
1268 2314 1513 2364 integritate
1556 2311 1805 2356 substantie,

274 2383 362 2421 sola
388 2381 636 2420 deformitas
662 2386 833 2432 pereat:
864 2381 898 2420 si
925 2382 1037 2420 enim
1064 2386 1254 2420 statuam
1281 2380 1513 2419 deformem
1541 2379 1693 2417 artifex
1721 2377 1808 2416 sine

274 2449 337 2488 sui
385 2448 665 2487 diminutione
713 2448 964 2499 pulcriorem
1012 2452 1154 2499 potest
1201 2447 1440 2492 reformare,
1491 2446 1627 2484 multo
1674 2443 1808 2494 magis

274 2515 464 2554 omnium
501 2514 655 2553 artifex
693 2515 808 2553 Deus
845 2518 1085 2553 creaturam
1123 2527 1244 2552 suam
1281 2518 1595 2552 monstruosam
1632 2511 1700 2549 vel
1738 2509 1806 2548 de-

273 2582 451 2620 formem
485 2581 645 2619 factam
679 2594 731 2620 ex
764 2581 913 2620 eadem
946 2580 1126 2619 materia
1160 2580 1319 2630 absque
1354 2579 1496 2629 aliqua
1530 2578 1593 2615 sui
1628 2576 1808 2615 diminu-

272 2649 400 2693 tione,
429 2647 713 2686 decentiorem
738 2652 780 2686 et
807 2647 1058 2698 pulcriorem
1083 2647 1243 2685 valebit
1268 2645 1527 2696 reparare.’'⁵
1585 2642 1810 2683 Sciendum

323 2753 334 2772 ¹
350 2754 458 2785 Matt.
486 2752 622 2784 XX1130.

323 2798 335 2816 2
351 2800 442 2838 Aug.
467 2798 512 2828 de
535 2797 612 2828 CiV.
638 2798 706 2828 Dei
731 2796 864 2833 XX1117,
890 2798 1025 2837 Migne,
1048 2797 1133 2827 P.L.
1160 2795 1288 2827 XL1⁷⁷⁸‚

323 2842 336 2860 ³
352 2843 438 2874 Luc.
469 2841 589 2872 xxrlss.

324 2886 443 2926 “Aug.
467 2887 511 2917 de
534 2886 610 2916 Civ.
634 2886 702 2916 Dei
726 2884 862 2921 XX111⁹‚
887 2886 1019 2925 Migne,
1043 2884 1128 2915 P.L.
1154 2883 1285 2915 XL1780.

322 2931 335 2949 ⁵
351 2933 443 2971 Aug.
466 2931 511 2961 de
532 2930 608 2960 Civ.
632 2931 700 2960 Dei
724 2929 856 2966 Xx1114,
880 2930 1014 2969 Migne,
1036 2929 1121 2959 P.L.
1146 2927 1270 2958 XL177‘5.
