2001 3250
116 1000 162 1028 10

115 1328 163 1367 15

113 1659 161 1687 20

112 1986 162 2025 25

112 2317 160 2355 30

113 2654 163 2694 35

234 263 283 314 7ss
631 262 971 302 INSTRUCTIO
996 262 1090 300 PIE
1113 262 1357 300 VIVENDI

235 394 455 432 dominicis
489 393 637 432 diebus
671 393 966 439 communices,
1003 393 1037 431 si
1071 393 1115 431 id
1149 406 1246 432 curn
1281 407 1382 445 pace
1418 394 1596 433 aliarum
1630 395 1766 435 facere

235 465 366 510 potes,
404 459 465 497 sin
501 465 644 497 autem
678 459 937 510 quindenam
969 472 1190 510 nunquam
1223 460 1555 510 transgrediaris
1591 461 1692 511 quia
1724 461 1768 500 in

234 525 334 576 ipsis
354 525 477 570 salus
500 524 591 563 vita
611 529 652 563 et
672 524 920 563 resurrectio
940 525 1079 564 anime
1099 529 1171 564 tue
1195 525 1330 576 (202a)
1353 525 1547 565 consistit
1566 538 1573 564 :
1596 531 1769 578 propter

234 591 348 641 quod
376 603 624 641 quecunque
652 603 694 629 se
722 591 777 629 ab
805 590 883 629 hiis
911 591 962 629 de
989 590 1111 630 facile
1139 591 1365 638 subtrahit,
1395 592 1528 642 magis
1555 592 1597 630 in
1625 593 1768 632 anima

233 661 446 694 mortuam
479 669 608 707 quam
641 656 786 695 vivam
820 669 862 695 se
895 669 982 695 esse
1016 661 1212 708 patenter
1245 658 1444 697 ostendit.
1502 659 1700 697 Terretur
1733 659 1768 698 si

233 722 404 773 quidem
439 722 705 761 adversarius
739 735 836 761 cum
871 722 1098 761 Christiani
1132 723 1245 762 labia
1279 736 1425 763 cruore
1458 724 1576 763 videt
1613 725 1767 764 Christi

231 788 440 827 rubentia.
498 788 700 838 Agnoscit
732 788 844 827 enim
874 788 1065 839 profecto
1095 801 1168 828 sue
1198 789 1447 840 perditionis
1475 790 1691 837 indicium,
1724 795 1767 830 et

233 854 374 892 divine
417 854 605 900 victorie,
652 844 741 905 qua*
780 854 1025 906 captivatus
1068 859 1132 894 est
1176 860 1218 894 et
1263 856 1442 894 obrutus
1484 869 1569 894 non
1613 857 1768 896 tolerat

231 920 574 959 instrumentum.
633 920 794 959 Diebus
835 934 936 959 vero
978 920 1133 972 quibus
1175 921 1474 967 communicas,
1519 922 1553 960 si
1595 922 1767 973 pacifice

232 986 320 1025 fieri
352 990 492 1037 potest
524 986 696 1025 minime
728 987 925 1038 loquaris,
960 987 1060 1038 quia
1091 1000 1242 1038 parum
1274 1000 1476 1039 sponsum
1508 992 1550 1027 et
1583 988 1767 1027 amicum

232 1057 355 1091 tuum
392 1052 560 1103 diligere
597 1053 896 1103 comprobaris,
936 1053 970 1091 si
1006 1053 1074 1092 vel
1110 1066 1196 1092 uno
1232 1054 1299 1093 die
1335 1054 1377 1092 in
1415 1054 1655 1093 ebdomada
1691 1058 1766 1093 aut

231 1118 446 1169 quindena
498 1131 593 1157 cum
645 1119 738 1169 ipso
790 1119 968 1158 dulciter
1021 1119 1275 1170 quiescendo
1327 1120 1501 1170 negligis
1553 1120 1766 1160 delectari.

231 1184 413 1234 Singulis
442 1184 572 1223 etiam
603 1185 751 1223 diebus
782 1198 996 1224 assuescas
1027 1185 1188 1236 aliquid
1218 1186 1354 1225 dicere
1384 1186 1452 1225 vel
1481 1186 1691 1232 meditari,
1724 1190 1767 1225 et

231 1263 393 1301 semper
416 1250 584 1289 intenta
607 1251 662 1289 sis
685 1251 845 1290 solicite
869 1265 1040 1302 querere
1064 1252 1203 1290 locum
1227 1256 1269 1291 et
1294 1253 1442 1291 horam
1465 1265 1538 1291 seu
1562 1252 1764 1303 spacium,

231 1329 316 1367 quo
355 1316 399 1354 id
439 1316 636 1355 devotius
674 1317 818 1356 valeat
857 1318 1090 1369 adimpleri.
1151 1318 1255 1356 Cum
1296 1323 1441 1357 autem
1481 1331 1586 1364 oras,
1630 1331 1766 1369 pauca

230 1382 362 1420 verba
406 1387 448 1420 et
496 1382 677 1421 discreta
723 1383 958 1434 ponderata
1004 1396 1053 1422 ac
1100 1384 1278 1423 dulciter
1323 1384 1551 1423 masticata
1596 1384 1766 1423 silenter

230 1447 427 1499 loquaris,
464 1461 548 1486 non
583 1449 828 1499 gruniendo,
865 1454 940 1488 aut
975 1449 1193 1488 tussiendo
1228 1450 1315 1488 sive
1351 1455 1490 1489 cetera
1524 1450 1766 1489 huiusmodi

230 1513 435 1559 faciendo,
459 1519 508 1553 ut
528 1515 725 1561 audiaris,
749 1515 822 1554 sed
843 1515 1108 1554 solummodo
1129 1516 1252 1555 stude
1274 1521 1323 1555 ut
1345 1516 1480 1555 oratio
1501 1521 1578 1555 tua
1598 1517 1764 1567 placeat

230 1580 268 1618 ei
295 1593 420 1630 quem
447 1580 694 1631 deprecaris,
754 1581 859 1620 Cum
884 1595 985 1620 vero
1012 1582 1282 1621 meditationi
1308 1587 1452 1621 sancte
1478 1582 1649 1628 insistiS,
1678 1595 1761 1623 non

230 1645 273 1683 vi
302 1645 575 1697 irrumpendo
605 1647 659 1685 ad
688 1647 759 1685 illa
790 1660 971 1698 superna
1001 1648 1224 1687 ascendere
1255 1648 1427 1694 coneris,
1460 1648 1533 1687 sed
1563 1648 1685 1687 suavi
1715 1661 1762 1686 ac

230 1711 342 1750 dulci
365 1712 542 1763 suspirio
567 1713 697 1751 animi
720 1718 761 1752 et
787 1713 965 1764 supplici
989 1714 1112 1752 corde
1136 1719 1178 1752 et
1202 1714 1438 1753 intentione
1462 1714 1610 1752 humili
1634 1718 1764 1765 atque

230 1778 342 1816 fideli
360 1778 439 1816 tibi
457 1791 603 1817 exores
622 1779 785 1829 aperiri.
844 1779 887 1819 Si
905 1784 1050 1818 autem
1068 1779 1293 1819 introitum
1311 1781 1442 1819 sentis
1460 1780 1540 1819 tibi
1558 1780 1761 1831 patefieri,

230 1856 375 1882 secura
404 1844 619 1894 ingredere
649 1845 692 1883 in
727 1845 865 1897 (202b)
899 1846 1102 1896 gaudium
1133 1846 1324 1885 Domini1
1354 1847 1430 1893 tui,
1464 1850 1513 1885 ut
1544 1859 1641 1885 cum
1671 1846 1763 1898 ipso

229 1910 351 1948 suavi
400 1909 662 1949 iocunditate
714 1916 756 1950 et
809 1911 929 1950 dulce
982 1912 1262 1951 delectatione
1313 1912 1553 1963 perfruaris.
1613 1912 1764 1952 Cred02

229 1976 341 2014 enim
373 1977 487 2026 quod
517 1976 703 2027 ingressa
734 1982 859 2017 tanta
890 1978 1121 2017 amenitate
1153 1978 1428 2029 perfunderis,
1462 1982 1512 2018 ut
1541 1991 1763 2030 nunquam

230 2042 284 2080 ab
309 2054 358 2080 ea
383 2041 434 2081 de
459 2048 598 2082 cetero
623 2043 831 2082 desideres
855 2044 1052 2095 separari.
1106 2044 1184 2090 Ibi,
1204 2049 1247 2084 te
1272 2057 1414 2096 queso,
1441 2049 1656 2083 memento
1680 2044 1764 2083 mei

230 2108 474 2158 peccatoris.
534 2109 638 2147 Cum
671 2123 773 2148 vero
806 2123 948 2149 coram
982 2110 1107 2149 altari
1140 2111 1208 2149 vel
1242 2111 1342 2149 alibi
1375 2110 1551 2149 inclinas
1584 2123 1761 2157 morose,

230 2174 443 2213 humiliter
470 2179 512 2214 et
541 2175 707 2222 devote,
737 2177 829 2215 Ave
856 2176 990 2215 Maria
1017 2176 1085 2215 vel
1112 2176 1228 2215 aliud
1256 2177 1359 2228 quid
1387 2176 1565 2216 dicendo
1592 2176 1760 2223 inclina,

230 2244 271 2278 et
304 2244 395 2278 tam
427 2240 486 2278 ibi
518 2254 648 2292 quam
681 2241 782 2280 alibi
812 2247 855 2281 et
890 2255 1053 2294 semper
1085 2243 1224 2282 Deum
1257 2243 1416 2282 habeto
1448 2248 1686 2294 presentem
1718 2242 1762 2281 in

229 2310 371 2345 mente
401 2310 490 2345 tua.
549 2308 606 2346 Et
637 2321 734 2346 cum
765 2308 908 2359 psallis
937 2309 1006 2347 vel
1037 2321 1130 2347 oras
1161 2314 1236 2348 aut
1268 2309 1372 2348 dicis
1402 2309 1592 2360 privatas
1623 2310 1760 2355 horas,

230 2384 335 2422 quas
370 2373 542 2411 tractim
578 2378 620 2412 et
656 2387 821 2413 morose
857 2374 992 2414 dicere
1028 2374 1167 2420 debes,
1206 2375 1334 2413 nichil
1370 2375 1589 2426 quippiam
1626 2374 1762 2426 operis

230 2437 360 2476 facias
381 2438 467 2477 sive
490 2439 650 2490 aliquid
670 2440 713 2478 in
734 2440 932 2479 manibus
951 2445 1109 2487 teneas,
1133 2454 1185 2479 ne
1206 2454 1279 2492 per
1300 2442 1380 2479 hoc
1400 2453 1518 2480 mens
1539 2446 1616 2480 tua
1637 2440 1691 2479 ab
1712 2453 1762 2480 eo

231 2504 345 2553 quod
369 2504 472 2543 (licis
495 2505 788 2545 abstrahatur³
811 2511 854 2546 et
879 2519 951 2558 per
975 2506 1142 2545 diversa
1165 2506 1413 2546 fluctuando
1436 2511 1651 2557 evagetur.

231 2607 299 2638 DE
322 2608 588 2642 CLAUSTRO.
1328 2612 1616 2643 CAPITULUM
1640 2611 1760 2642 XLII.

286 2667 334 2705 In
369 2668 552 2708 claustro
585 2683 682 2708 cum
715 2670 770 2709 ad
802 2670 1026 2710 lectionem
1059 2670 1234 2718 accedis,
1269 2671 1356 2710 noli
1388 2672 1470 2710 huc
1503 2676 1633 2722 atque
1665 2671 1763 2709 illuc

230 2738 371 2771 mente
406 2735 564 2785 vagari,
602 2737 675 2775 sed
710 2736 890 2776 solicite4
923 2741 1015 2776 esto
1049 2736 1217 2776 intenta
1252 2749 1366 2776 sacre
1401 2737 1583 2783 lectioni,
1622 2736 1764 2788 sicque

278 2813 411 2846 1Matt.
443 2817 568 2849 xxvffl.

279 2857 290 2875 ²
307 2859 377 2889 I.T.
402 2870 485 2900 says
510 2863 593 2892 that
616 2863 689 2894 this
712 2863 742 2893 is
766 2873 788 2894 a
811 2864 1007 2904 quotation
1030 2863 1126 2894 from
1150 2863 1200 2894 St.
1229 2864 1403 2895 Bcrnard.

278 2901 291 2919 ³
306 2903 369 2933 ΜΞ.
393 2905 613 2936 abtrahatur

276 2944 289 2963 ⁴
305 2947 369 2977 MS.
393 2949 499 2980 solite
