2001 3250
109 998 157 1026 10

109 1663 160 1693 20

116 2327 167 2365 30

121 2658 169 2697 35

623 257 695 296 ET
722 255 989 295 SUPERNA
1015 253 1340 293 MEDITANDI
1351 284 1359 291 .
1710 265 1761 305 97

221 391 264 431 in
312 390 428 428 nullo
475 388 607 427 habes
654 387 878 428 materiam
926 385 1208 438 superbiendi.
1268 386 1530 426 Undecimo:
1582 386 1682 437 quia
1730 386 1763 424 si

223 455 448 508 despiceris
474 460 549 494 aut
576 454 858 505 vilipenderis,
888 465 1043 503 magna
1070 452 1239 491 bonitas
1265 452 1353 491 eius
1380 457 1471 492 est:
1501 452 1637 503 gaude
1665 452 1765 503 quia

223 523 354 562 habes
395 520 658 560 occasionem
699 519 963 559 humiliandi.
1024 518 1152 557 Crede
1194 518 1322 557 michi
1363 519 1478 570 quod
1518 518 1634 558 istud
1675 523 1765 558 tam

224 601 427 639 magnum
451 587 702 626 beneficium
727 599 752 625 a
777 586 967 637 quolibet
992 586 1130 624 Deum
1156 584 1334 624 timente
1358 599 1443 624 non
1468 586 1578 624 inter
1602 585 1767 624 minora

226 655 299 695 sed
345 654 506 693 maiora
554 653 757 692 beneficia
804 656 867 691 est
914 651 1216 703 reputandum.
1276 652 1416 691 Huius
1462 656 1608 691 autem
1656 652 1769 690 tanti

226 721 417 761 beneficii
449 721 565 760 Deus
598 732 670 770 per
703 732 824 757 suam
855 718 1115 757 ineffabilem
1147 717 1387 757 bonitatem
1419 731 1486 757 me
1519 718 1771 770 participem

226 801 314 827 esse
353 786 586 826 concessit:
628 786 689 824 fui
725 785 884 824 etenim
921 784 1177 836 aliquotiens
1215 784 1392 823 alicuius
1430 785 1658 835 potestatis
1696 789 1771 823 aut

226 854 409 893 nominis
431 853 554 892 iuxta
576 865 730 890 nomen
754 863 1018 901 magnorum,
1045 850 1118 901 qui
1141 854 1241 889 sunt
1264 851 1307 889 in
1331 851 1465 897 terris,
1491 864 1604 889 nunc
1627 856 1773 890 autern

226 921 340 960 iusto
378 920 455 959 Dei
493 918 648 957 iudicio
686 918 890 956 oblivioni
928 917 1055 955 datus
1092 929 1199 963 sum,
1239 921 1449 968 tanquam
1486 921 1681 956 mortuus
1718 918 1774 956 ad

227 987 430 1026 nichilum
485 985 684 1024 redactus
740 988 870 1035 atque
927 983 1042 1022 omni
1098 983 1288 1022 humana
1343 984 1632 1023 consolatione
1688 984 1773 1023 fere

227 1053 473 1093 destitutus.
534 1052 735 1091 “Omnes
775 1050 888 1089 enim
925 1063 1031 1101 pene
1067 1049 1193 1088 amici
1226 1050 1309 1088 mei
1341 1062 1383 1088 se
1413 1049 1718 1100 elongaverunt
1749 1064 1775 1090 a

228 1132 294 1158 me
312 1123 353 1158 et
378 1118 563 1170 proximi
582 1118 666 1157 mei
686 1120 728 1156 et
752 1117 846 1155 noti
868 1129 918 1155 ac
937 1116 1158 1155 necessarii
1180 1116 1264 1155 mei
1286 1122 1548 1156 recesserunt
1574 1130 1599 1155 a
1624 1130 1703 1163 me,
1731 1122 1773 1156 et

226 1191 437 1238 tanquam
465 1185 651 1224 alienum
679 1188 722 1223 et
749 1184 945 1234 ignotum
974 1183 1217 1222 habuerunt
1244 1183 1377 1222 me.”1
1435 1184 1628 1222 Prelatus
1656 1197 1775 1223 meus

229 1253 313 1292 fere
350 1253 463 1291 solus
499 1251 627 1290 michi
662 1250 866 1289 remansit
904 1263 979 1301 pro
1016 1249 1214 1288 omnibus
1250 1250 1357 1288 caris
1392 1250 1509 1290 meis.
1568 1251 1660 1289 Hec
1696 1251 1776 1290 tibi

229 1319 366 1358 scribo
397 1332 481 1357 non
516 1318 638 1369 quasi
671 1317 722 1356 de
755 1316 898 1368 aliquo
930 1329 1204 1367 conquerens,
1239 1316 1306 1354 vel
1339 1316 1524 1367 aliquem
1557 1330 1773 1364 accusans,

229 1386 302 1425 sed
325 1390 535 1436 tanquam
559 1385 650 1423 Deo
674 1396 750 1435 pro
774 1383 900 1422 huius
923 1382 1116 1421 beneficii
1137 1382 1336 1433 largitate
1360 1383 1528 1430 cotidie,
1555 1383 1664 1422 sicut
1687 1383 1776 1434 ipse

229 1452 364 1498 novit,
402 1450 655 1490 benedicens
689 1454 732 1488 et
767 1449 960 1488 laudans.
1019 1448 1190 1487 Nemini
1225 1449 1338 1487 enim
1373 1449 1490 1488 istud
1525 1450 1677 1488 merito
1713 1454 1777 1489 est

229 1517 560 1570 imputandum:
593 1516 786 1555 homines
815 1528 1000 1567 namque
1031 1519 1074 1554 et
1105 1527 1202 1553 caro
1233 1519 1345 1562 sunt,
1378 1528 1463 1554 non
1495 1515 1671 1554 ferrum2
1701 1520 1777 1555 aut

229 1598 273 1625 es
310 1584 399 1624 sive
436 1583 553 1623 aliud
589 1582 811 1634 quodlibet
849 1582 1084 1627 metallum,
1127 1581 1264 1633 (221a)
1304 1586 1347 1620 et
1385 1586 1498 1621 certe
1536 1583 1664 1628 Deus,
1705 1582 1779 1633 qui

229 1664 394 1703 semper
413 1650 657 1689 consolatur
678 1649 867 1688 abiectos
887 1652 929 1687 et
951 1647 1131 1687 humiles
1152 1661 1238 1687 non
1259 1647 1452 1699 despicit,
1475 1648 1549 1686 sed
1570 1648 1779 1688 contritos

231 1718 356 1757 corde
380 1721 423 1756 et
449 1716 631 1755 afflictos
656 1728 820 1766 semper
846 1715 912 1766 pie
937 1714 1193 1760 consolatur,
1221 1715 1301 1752 hoc
1326 1715 1441 1765 quod
1466 1714 1509 1753 in
1535 1715 1779 1753 hominibus

232 1785 351 1823 deest
372 1796 446 1835 per
467 1796 588 1821 suam
610 1782 850 1820 bonitatem
871 1781 1141 1819 abundanter
1163 1781 1357 1832 supplere
1379 1785 1421 1820 et
1443 1781 1626 1832 amplius
1648 1794 1778 1832 quam

233 1851 343 1890 ullus
403 1849 624 1888 hominum
686 1848 820 1900 possit
879 1860 946 1886 me
1007 1847 1333 1886 misericorditer
1393 1847 1633 1886 confortare
1693 1860 1778 1886 non

234 1917 501 1967 dedignatur.
562 1916 652 1954 Hec
683 1915 860 1966 inquam
892 1913 972 1953 tibi
1004 1913 1153 1959 scribo,
1188 1926 1273 1952 non
1305 1917 1353 1952 ut
1385 1913 1428 1952 in
1461 1913 1606 1965 aliquo
1637 1913 1781 1952 doleas

235 1989 310 2023 aut
332 1981 555 2028 movearis,
579 1981 653 2020 sed
674 1985 723 2020 ut
746 1981 780 2019 si
802 1980 972 2019 aliunde
994 1984 1036 2019 te
1058 1979 1205 2018 videas
1227 1979 1373 2018 haberi
1395 1980 1614 2031 despectui
1636 1980 1704 2019 vel
1725 1980 1781 2018 ab

234 2050 378 2101 aliqua
410 2048 721 2088 carissimarum
753 2050 927 2087 tuarum
960 2059 1037 2098 pro
1070 2046 1225 2085 nichilo
1258 2050 1335 2085 aut
1367 2046 1546 2085 minimo
1576 2046 1779 2098 reputari,

236 2121 286 2156 tu
310 2117 354 2155 in
379 2116 459 2154 hoc
485 2115 538 2154 de
563 2118 819 2166 paupertate
844 2126 939 2152 mea
965 2112 1138 2152 diteris:
1168 2113 1284 2164 quod
1310 2113 1483 2163 quidem
1509 2113 1594 2159 fiet,
1624 2112 1658 2151 si
1684 2126 1780 2151 con-

237 2182 492 2222 sideratione
523 2181 607 2220 mei
638 2185 687 2220 tu
719 2184 920 2219 constans
951 2181 1104 2218 effecta
1135 2179 1191 2217 ad
1222 2179 1477 2230 patientiam
1510 2179 1707 2218 animeris
1739 2183 1782 2218 et

237 2249 477 2288 bonitatem
511 2247 591 2287 Dei
625 2247 808 2286 salutem
842 2246 982 2285 anime
1016 2250 1090 2284 tue
1124 2245 1346 2292 zelantem,
1384 2250 1514 2297 atque
1549 2245 1604 2284 ab
1639 2258 1782 2284 amore

237 2321 474 2355 ceterarum
505 2313 793 2353 abstrahendo
824 2312 880 2351 ad
910 2312 1039 2351 solius
1069 2311 1352 2358 dilectionem,
1385 2316 1595 2363 tanquam
1626 2312 1782 2351 zelotes

238 2382 528 2422 attrahentem
570 2384 666 2420 tota
706 2379 934 2419 devotione
976 2378 1259 2430 amplectaris.
1317 2378 1498 2417 Maritus
1538 2378 1664 2424 enim,
1709 2377 1782 2429 qui

239 2461 439 2500 sponsam
478 2459 600 2486 suam
639 2446 837 2485 ardenter
876 2445 1051 2491 zelatur,
1092 2445 1211 2483 nullo
1248 2444 1378 2483 modo
1418 2449 1560 2496 potest
1601 2444 1693 2495 pati
1732 2448 1781 2483 ut

239 2516 346 2554 alter
388 2513 613 2566 loquendO,
660 2513 728 2552 vel
770 2512 954 2558 nuendo,
1000 2515 1077 2550 aut
1119 2511 1312 2558 iocando,
1359 2510 1447 2550 sive
1491 2510 1653 2561 aliquid
1696 2510 1782 2549 tale

240 2580 435 2620 faciendo
460 2571 498 2619 ei
524 2579 815 2631 participetur,
844 2578 902 2617 sic
928 2577 1045 2617 Deus
1071 2577 1211 2616 anime
1238 2590 1367 2628 quam
1394 2577 1579 2628 perfecte
1606 2576 1780 2623 zelatur,

241 2652 402 2687 ceteros
436 2646 664 2692 subtrahit,
702 2649 751 2684 ut
787 2645 900 2684 solus
936 2657 961 2683 a
997 2643 1086 2683 sola
1120 2643 1303 2694 amplius
1338 2643 1551 2693 diligatur.
1611 2643 1784 2694 Quanto

241 2714 354 2753 enim
379 2713 474 2764 quis
499 2712 555 2751 ad
579 2712 719 2763 plures
745 2710 963 2756 dividitur,
991 2714 1116 2749 tanto
1141 2709 1282 2748 minus
1307 2713 1371 2748 est
1396 2709 1434 2748 ei
1459 2709 1527 2748 cui
1552 2713 1671 2748 totus
1696 2721 1784 2748 esse

242 2783 425 2819 tenetur.
485 2779 528 2818 Si
584 2791 682 2828 ergo
738 2777 796 2816 sic
853 2777 909 2815 ab
965 2777 1048 2815 alio
1105 2776 1342 2828 despiceris,
1401 2788 1604 2827 sponsum
1661 2779 1786 2814 tuum

291 2885 305 2904 1
320 2885 389 2916 Iob
413 2882 531 2915 XIx15.

292 2928 388 2963 ²1er.
414 2927 500 2960 V128.
1761 2930 1787 2953 G
