1934 3260
97 1003 144 1031 10

100 1991 149 2031 25

101 2323 150 2360 30

216 278 266 317 14
593 268 652 307 IN
659 268 936 308 STRUCTIO
975 268 1071 307 PIE
1107 268 1352 308 VIVENDI

210 398 355 437 melior
375 405 438 439 est
460 412 556 438 cum
578 412 650 450 per
671 399 956 439 obedientiam
977 399 1014 439 ei
1033 400 1233 439 voluntas
1254 400 1477 451 superioris
1497 399 1731 451 copulatur,

209 464 387 516 ideoque
419 466 630 505 orationes
660 465 748 504 sive
779 465 955 504 servicia
985 478 1067 516 que
1099 478 1174 517 pro
1205 466 1315 505 vivis
1346 471 1388 505 et
1421 465 1631 505 defunctis
1662 478 1736 505 seu

210 530 340 570 etiam
362 544 411 570 ea
433 544 514 582 que
537 531 616 571 tibi
637 531 679 570 in
703 531 961 570 confessione
983 532 1051 570 vel
1071 531 1114 570 in
1137 532 1324 583 capitulo
1346 545 1422 583 pro
1444 531 1628 583 peccatis
1649 531 1736 571 tuis

209 596 498 647 iniunguntur‚
519 610 682 648 semper
699 597 899 636 libentius
916 602 959 637 et
977 597 1156 636 alacrius
1174 597 1289 637 dicas
1306 611 1436 649 quam
1454 611 1503 637 ea
1521 610 1603 649 que
1620 598 1736 649 prius

211 675 263 701 ex
298 668 373 702 tua
408 664 496 702 sola
529 663 626 702 licet
662 663 774 702 bona
807 664 1030 703 voluntate
1065 663 1246 703 dicebas.
1306 665 1329 678 “
1349 664 1493 703 Melior
1527 663 1639 702 enim
1673 667 1737 703 est

212 729 452 769 obedientia
494 743 624 780 quam
665 729 838 769 victime
879 734 922 769 et
965 730 1202 769 auscultare
1244 730 1377 780 magis
1420 742 1549 781 quam
1591 731 1739 769 offerre

212 795 380 846 adipem
411 796 663 842 arietum,'’1
696 796 831 847 (15oa)
865 796 944 835 hoc
974 801 1037 835 est
1068 796 1216 835 melius
1247 796 1426 842 obedire,
1460 800 1502 835 et
1533 795 1624 842 hiis,
1658 808 1739 846 que

211 861 500 912 iniunguntur,
528 862 682 901 devote
706 874 851 901 aurern
876 862 1012 901 cordis
1036 867 1158 901 tuam
1182 863 1392 907 inclinare,
1421 875 1550 913 quam
1575 875 1626 900 ex
1652 861 1741 900 sola

212 928 435 967 voluntate
496 929 728 968 multorum
790 941 963 978 operum
1026 928 1297 968 devotionem
1358 928 1448 966 Deo
1510 928 1738 966 immolare.

214 994 424 1045 Quoniam
448 995 541 1045 plus
565 1000 629 1034 est
654 995 760 1033 duas
783 995 1027 1034 voluntates
1052 1007 1181 1045 quarn
1205 1007 1335 1033 unam
1360 994 1600 1045 adimplere,
1628 992 1744 1044 quod

214 1061 321 1099 sicut
352 1060 514 1099 dictum
543 1065 607 1100 est
636 1061 851 1099 invenitur
879 1061 921 1099 in
952 1061 1063 1099 bono
1093 1061 1334 1099 obediencie
1354 1073 1435 1111 que
1454 1060 1551 1098 licet
1573 1059 1744 1110 prelatis

214 1127 396 1165 maxime
426 1126 631 1166 debeatur
659 1127 764 1165 miro
794 1139 879 1178 quo
906 1126 1034 1165 modo
1062 1127 1156 1178 plus
1185 1127 1323 1177 placet
1353 1139 1449 1164 cum
1477 1125 1743 1164 inferioribus

213 1193 448 1232 exhibetur.
507 1193 661 1243 Magna
690 1206 874 1244 namque
905 1193 1122 1232 humilitas
1152 1198 1215 1232 est
1246 1192 1530 1243 superioribus
1560 1191 1740 1237 obedire,

214 1259 346 1297 maior
383 1259 602 1309 equalibus
640 1259 799 1298 deferre
836 1264 878 1298 et
915 1259 1103 1298 maxima
1139 1272 1182 1298 se
1218 1259 1451 1297 minoribus
1487 1257 1743 1296 inclinaret2

214 1325 328 1376 quod
368 1325 498 1363 etiam
538 1326 727 1364 Christus
766 1325 1005 1376 relinquens
1045 1325 1240 1363 omnibus
1279 1325 1521 1375 exemplum
1560 1324 1744 1375 perfecte

214 1391 475 1442 adimplevit,
505 1393 527 1405 “
547 1392 685 1431 factus
710 1391 908 1430 obediens
933 1392 1044 1442 patri
1068 1405 1200 1442 usque
1225 1391 1279 1429 ad
1303 1396 1484 1430 mortem
1502 1395 1544 1429 et
1562 1394 1744 1429 mortem

215 1458 419 1497 crucis.”3
475 1458 556 1508 Qui
584 1458 714 1497 etiarn
743 1471 839 1496 cum
869 1458 1001 1496 Maria
1029 1463 1071 1497 et
1103 1458 1254 1508 Ioseph
1282 1457 1497 1496 Nazareth
1526 1455 1742 1495 descendit

217 1528 256 1563 et
294 1529 384 1563 erat
422 1524 617 1563 subditus
653 1524 774 1570 illis‚4
811 1524 991 1575 denique
1028 1529 1076 1563 ut
1114 1536 1282 1562 omnem
1317 1523 1529 1562 iusticiam
1549 1522 1742 1573 impleret

218 1590 411 1629 manibus
430 1603 472 1629 se
494 1591 694 1629 Iohannis
714 1590 1017 1641 baptisandum
1036 1590 1268 1628 inclinavit.
1283 1590 1299 1613 5
1355 1589 1414 1628 Ut
1435 1602 1531 1639 ergo
1551 1588 1744 1638 exemplo

214 1657 345 1707 ipsius
373 1669 541 1695 omnem
570 1657 807 1696 obedientie
834 1657 1045 1695 iusticiam
1074 1656 1317 1707 adimpleas,
1351 1655 1501 1694 “vade
1530 1659 1572 1693 et
1600 1659 1649 1693 tu
1677 1654 1745 1692 fac

215 1723 477 1762 similiter.”6
533 1723 674 1763 Subde
725 1727 767 1762 te
817 1722 962 1774 itaque
1013 1722 1307 1774 superioribus,
1361 1721 1475 1760 defer
1525 1720 1746 1772 equalibus

216 1794 258 1829 et
287 1789 519 1828 minoribus
546 1794 588 1828 te
615 1789 830 1828 inclinato.
890 1789 932 1829 Si
959 1802 1055 1839 ergo
1082 1789 1145 1828 ita
1172 1788 1409 1827 obedientie
1437 1800 1581 1826 aurem
1609 1785 1745 1824 cordis

216 1856 493 1901 inclinaveris,
528 1860 576 1894 ut
609 1855 737 1894 nichil
768 1855 847 1894 tibi
880 1855 1000 1901 desit,
1036 1855 1279 1893 obliviscere
1311 1854 1516 1905 populum
1547 1858 1671 1892 tuum
1704 1856 1746 1891 et

218 1922 392 1960 domum
423 1922 555 1972 patris
584 1922 689 1967 tui,⁷
720 1921 835 1972 quod
864 1922 1035 1972 quidem
1065 1922 1137 1960 fiet
1167 1921 1201 1959 si
1230 1933 1366 1959 mores
1395 1924 1437 1959 et
1468 1924 1589 1958 actus
1618 1923 1748 1969 atque

218 2001 363 2027 sensus
406 1988 604 2034 carnales,
650 1988 692 2026 in
737 1988 891 2039 quibus
934 1993 1037 2026 nata
1081 1992 1122 2026 et
1167 1987 1330 2026 nutrita
1373 1999 1427 2032 es,
1474 1984 1745 2030 obliviscaris,

219 2054 462 2105 spiritaliter
492 2055 622 2092 etiam
651 2066 701 2092 ea
731 2054 1045 2099 commutando,
1079 2059 1208 2104 atque
1239 2054 1293 2091 ab
1322 2051 1600 2091 exterioribus
1629 2049 1749 2089 viciis

222 2121 359 2171 (150b)
384 2121 542 2159 solicite
563 2125 605 2159 te
626 2120 914 2165 custodiendo,
937 2120 1053 2158 intus
1072 2119 1114 2158 in
1136 2119 1278 2157 anima
1297 2118 1502 2157 veraciter
1521 2116 1746 2156 renoveris.

220 2187 279 2225 Ut
314 2199 410 2237 ergo
445 2200 589 2225 sensus
623 2186 806 2237 corporis
840 2186 1024 2237 perfecte
1058 2185 1365 2230 custodiantur,
1402 2196 1567 2222 necesse
1602 2187 1664 2221 est
1699 2186 1748 2221 ut

219 2265 289 2291 cor
328 2253 442 2303 prius
482 2253 640 2291 solicite
680 2257 950 2291 conservetur
989 2257 1161 2303 propter
1200 2251 1315 2302 quod
1355 2250 1529 2301 Sapiens
1568 2247 1748 2287 consulit

220 2319 372 2364 dicens,
402 2320 423 2332 ‘⁴
445 2319 558 2356 omni
582 2318 775 2357 custodia
798 2318 963 2357 custodi
987 2331 1057 2356 cor
1080 2323 1216 2364 tuum,
1243 2317 1444 2368 quoniam
1468 2329 1520 2354 ex
1542 2315 1634 2366 ipso
1658 2314 1750 2353 vita

219 2385 481 2436 procedit,”⁸
515 2385 558 2423 id
593 2390 655 2423 est
690 2385 732 2422 in
768 2385 958 2423 omnium
992 2397 1190 2423 sensuum
1225 2383 1418 2422 custodia
1452 2381 1616 2421 solicita
1648 2392 1750 2419 vera

220 2451 413 2490 custodia
440 2451 576 2489 cordis
602 2451 806 2490 consistit.

272 2610 311 2639 ¹1
334 2612 418 2650 Reg.
448 2618 500 2640 xv
524 2609 562 2641 ²2.

273 2654 405 2686 ²Dion.
434 2655 517 2685 Div.
545 2655 651 2685 Nom.
679 2662 718 2684 1V
743 2653 831 2685 12-13.

272 2698 284 2717 ³
301 2700 355 2729 Ad
380 2699 470 2729 Phil.
495 2706 522 2728 11
547 2698 570 2729 ⁸.

273 2742 285 2760 ⁴
303 2743 386 2774 Luc.
413 2750 440 2771 11
464 2741 503 2772 ⁵¹.

273 2786 285 2804 ⁵
302 2787 408 2818 Matt.
433 2794 476 2816 111
500 2785 537 2817 ¹⁵,

274 2830 286 2848 ⁶
304 2832 387 2862 Luc.
417 2839 443 2860 X
466 2830 505 2860 ³⁷.

275 2875 286 2892 ⁷
303 2876 357 2906 Ps.
386 2882 478 2904 XLIV
500 2873 539 2905 1¹.

276 2919 289 2937 Β
307 2920 411 2950 Pr‹,v.
436 2927 475 2948 1v
498 2917 536 2950 ²³.
