2001 3250
117 989 162 1017 Io

115 1318 162 1356 15

111 1650 159 1678 20

109 2024 160 2063 25

109 2356 158 2394 30

236 253 288 303 64
634 253 693 292 IN
699 254 977 294 sTRUcTIO
1002 256 1096 294 PIE
1119 256 1363 295 VIVENDI

236 384 365 423 etiam
383 385 496 434 quod
513 384 697 423 infantes
714 389 789 423 aut
807 398 925 425 senes
941 399 1025 425 non
1044 387 1209 437 parvuli
1226 388 1293 426 vel
1311 387 1511 439 decrepiti
1528 393 1757 438 resurgent,

236 450 307 488 sed
354 450 460 488 sicut
508 450 567 488 ait
615 451 843 501 apostolus,
872 453 894 466 “
936 452 979 491 in
1026 466 1266 492 mensuram
1313 454 1439 493 etatis
1486 453 1760 504 plenitudinis

237 516 388 554 Christi
408 517 448 539 ”¹
471 529 614 555 omnes
634 522 852 556 occurrent
873 530 879 556 :
903 518 1014 557 unde
1035 519 1185 558 beatus
1205 520 1466 570 Augustinus
1487 519 1580 565 ait,2
1601 520 1624 533 “
1645 519 1760 570 quod

233 582 468 620 infantibus
495 581 705 621 defunctis
731 583 893 622 tardius
919 597 1183 624 accessurum
1209 590 1299 625 erat
1326 590 1527 637 tempore,
1557 586 1633 624 hec
1659 590 1758 624 sunt

235 648 350 685 nullo
372 648 450 687 Dei
474 661 596 698 opere
620 649 725 687 miro
749 654 878 700 atque
901 651 1114 690 celerrimo
1136 652 1356 703 recepturi.
1417 653 1567 691 Restat
1591 664 1687 702 ergo
1712 656 1759 691 ut

235 726 353 752 suam
399 715 687 766 unusquisque
731 716 906 767 recipiat
952 730 1192 756 mensuram
1237 731 1365 768 quarn
1410 718 1477 756 vel
1522 718 1671 756 habuit
1717 718 1759 756 in

234 780 467 826 iuventute,
502 781 631 819 etiam
663 781 696 819 si
727 795 852 821 senex
885 783 938 822 sit
970 788 1173 829 mortuus,
1207 784 1274 823 vel
1305 785 1442 822 fuerat
1473 783 1695 822 habiturus
1727 783 1761 822 si

233 852 295 884 est
336 851 434 884 ante
474 847 710 893 defunctus
752 861 848 898 ergo
888 850 1001 900 quod
1040 850 1256 901 apostolus
1295 850 1367 895 ait,
1409 850 1466 888 sic
1505 850 1761 900 accipiamus

234 912 395 950 dictum
437 917 483 951 ut
524 926 600 952 nec
639 914 749 952 infra
788 928 864 954 nec
904 916 1016 954 ultra
1055 916 1280 955 iuvenilem
1321 916 1501 955 formam
1539 920 1760 966 resurgant

234 991 408 1028 corpora
441 984 716 1023 mortuorum,
754 981 826 1019 sed
859 982 901 1019 in
936 982 1024 1020 eius
1057 987 1171 1021 etate
1206 987 1247 1021 et
1281 983 1323 1020 in
1357 982 1505 1021 robore
1539 995 1671 1032 usque
1705 981 1760 1020 ad

233 1058 362 1095 quam
391 1045 603 1084 Christum
631 1046 698 1084 hic
726 1047 962 1097 pervenisse
990 1048 1264 1087 manifestum
1292 1053 1367 1094 est,
1398 1048 1513 1099 quod
1540 1048 1620 1087 fuit
1650 1047 1759 1086 circa

232 1124 453 1149 numerum
490 1112 665 1162 triginta
700 1114 950 1159 annorum,”
986 1119 1158 1153 tantum
1195 1114 1305 1153 absit
1342 1115 1477 1153 omnis
1513 1114 1759 1152 deformitas

233 1177 369 1214 omnis
394 1177 617 1216 infirmitas
641 1179 776 1217 omnis
800 1181 992 1227 tarditas,
1021 1181 1239 1231 omnisque
1264 1181 1489 1231 corruptio
1517 1185 1558 1219 et
1591 1180 1625 1218 si
1656 1179 1757 1231 quid

233 1243 346 1282 aliud
364 1244 467 1282 illud
486 1257 568 1282 non
589 1245 708 1283 decet
726 1258 900 1296 regnum
918 1247 960 1285 in
980 1260 1064 1298 quo
1081 1247 1395 1286 resurrectionis
1412 1252 1453 1286 et
1474 1246 1759 1297 promissionis

233 1310 305 1347 filii
334 1311 502 1360 equales
530 1316 652 1349 erunt
683 1313 839 1362 angelis
875 1313 965 1357 Dei,
1004 1314 1038 1352 si
1073 1327 1157 1351 non
1187 1327 1357 1364 corpore
1386 1313 1453 1352 vel
1481 1318 1607 1358 etate,
1647 1318 1758 1351 certe

234 1375 372 1426 (192b)
395 1376 609 1416 felicitate.
666 1378 915 1429 Quicunque
942 1384 1086 1418 autern
1111 1381 1186 1418 hec
1209 1380 1414 1418 veraciter
1441 1379 1584 1424 credit,
1606 1378 1761 1429 quibus

230 1442 550 1481 infirmitatibus
573 1456 621 1482 ac
648 1444 861 1484 doloribus
883 1459 979 1484 caro
1002 1446 1068 1484 hic
1091 1450 1313 1491 atteratur,
1339 1450 1380 1484 et
1404 1459 1455 1484 ne
1479 1458 1503 1483 a
1525 1445 1670 1483 bestiis
1691 1444 1759 1483 vel

230 1509 445 1546 vermibus
467 1509 704 1556 devoretur,
731 1512 797 1550 vel
822 1512 1035 1562 quomodo
1059 1517 1273 1562 putrescat
1298 1525 1517 1563 nunquam
1542 1511 1759 1562 pertimes-

201 1591 207 1595 ·
231 1574 300 1616 cit.
323 1575 394 1613 sed
419 1588 490 1625 spe
511 1575 634 1614 beate
653 1578 967 1616 resurrectionis
984 1578 1026 1616 in
1046 1591 1232 1617 amorem
1253 1578 1317 1617 sui
1336 1578 1565 1616 conditoris
1584 1577 1760 1616 feliciter

231 1640 396 1679 assidue
419 1641 657 1681 inardescit.

218 1756 286 1787 DE
304 1757 393 1788 DIE
413 1757 606 1790 IUDICH.
1247 1760 1537 1792 CAPITULUM
1556 1759 1757 1791 XXXVII.

272 1815 373 1855 Dies
412 1830 581 1868 quoque
620 1818 765 1857 iudicii
802 1819 845 1858 in
885 1820 1251 1859 consummatione
1291 1820 1419 1860 seculi
1456 1824 1664 1859 venturus
1703 1819 1758 1858 ab

218 1882 415 1922 omnibus
440 1897 524 1922 non
550 1884 762 1924 immerito
787 1899 951 1937 semper
975 1892 1039 1926 est
1064 1887 1334 1927 metuendus.
1392 1886 1475 1926 De³
1499 1899 1549 1925 eo
1573 1898 1758 1936 namque

217 1949 414 1988 Salvator
441 1950 669 2001 obiurgans
695 1951 905 2000 civitates,
934 1966 1015 2004 que
1041 1953 1097 1992 ad
1122 1953 1306 1992 virtutes
1332 1958 1375 1992 et
1401 1952 1533 1991 verba
1559 1952 1647 1991 eius
1673 1964 1759 1990 non

217 2015 496 2062 crediderant,
521 2018 822 2057 comminando
844 2019 902 2058 eis
925 2019 1107 2066 dicebat,
1134 2021 1156 2033 “
1176 2019 1276 2058 Tiro
1297 2023 1339 2058 et
1364 2018 1525 2070 Sydoni
1545 2017 1761 2057 remissius

216 2081 297 2120 erit
332 2081 374 2120 in
412 2082 478 2121 die
514 2082 658 2122 iudicii
694 2098 824 2135 quam
861 2085 984 2124 vobis
1004 2086 1074 2125 ”4:
1113 2085 1181 2124 hic
1216 2085 1533 2124 evidentissime
1568 2084 1761 2135 predicat

218 2147 329 2186 diem
360 2148 503 2187 iudicii
533 2163 621 2188 esse
650 2155 893 2197 venturum,
926 2156 970 2191 et
1001 2153 1024 2165 “
1045 2165 1141 2190 cum
1171 2152 1335 2191 venerit
1366 2151 1475 2190 filius
1504 2150 1686 2189 hominis
1716 2149 1759 2188 in

217 2213 441 2254 maiestate
463 2228 551 2261 sua,
576 2220 619 2255 et
641 2230 786 2256 omnes
808 2218 945 2268 angeli
967 2218 1055 2257 eius
1077 2231 1173 2256 cum
1195 2218 1299 2269 ipso,
1323 2222 1426 2256 tunc
1449 2217 1612 2256 sedebit
1634 2228 1759 2267 super

218 2280 360 2318 sedem
385 2281 621 2321 maiestatis
647 2296 731 2326 sue,
760 2287 803 2322 et
828 2284 1198 2334 congregabuntur
1224 2284 1278 2322 ad
1303 2297 1399 2322 eum
1426 2296 1571 2322 omnes
1596 2287 1754 2333 gentes,

218 2350 260 2384 et
285 2347 498 2396 separabit
523 2361 594 2386 eos
617 2349 672 2387 ab
696 2349 890 2395 invicem,
918 2350 1025 2389 sicut
1051 2355 1196 2401 pastor
1215 2355 1405 2400 segregat
1423 2362 1523 2388 oves
1540 2349 1594 2387 ab
1612 2348 1700 2387 edis
1720 2348 1759 2386 :⁵

218 2416 259 2450 et
286 2413 439 2452 statuit
467 2415 610 2460 oves,”
637 2415 680 2453 id
705 2420 768 2454 est
795 2416 950 2455 electos
978 2418 1045 2454 “a
1071 2416 1232 2455 dextris
1258 2416 1354 2461 suis,
1383 2420 1425 2454 et
1452 2416 1552 2454 edos
1582 2415 1602 2427 ’'
1624 2414 1666 2452 id
1692 2419 1755 2453 est

216 2479 417 2528 reprobos
453 2481 520 2518 “a
555 2480 734 2520 sinistris
755 2482 806 2520 '':
843 2487 885 2521 et
923 2483 945 2496 ‘¹
966 2495 1089 2521 amen
1125 2482 1218 2521 dico
1253 2482 1375 2520 vobis
1409 2482 1523 2532 quod
1558 2494 1645 2523 vos,
1683 2479 1757 2531 qui

217 2544 445 2594 reliquistis
479 2546 633 2592 omnia,
670 2547 712 2585 in
747 2549 1074 2599 regeneratione,
1112 2562 1208 2587 cum
1243 2548 1395 2587 sederit
1432 2547 1540 2586 filius
1574 2546 1757 2585 hominis

218 2609 259 2647 in
293 2611 388 2649 sede
420 2612 656 2651 maiestatis
687 2626 771 2659 sue,
805 2614 1005 2653 sedebitis
1036 2619 1077 2653 et
1109 2628 1186 2653 vos
1217 2628 1340 2665 super
1371 2614 1490 2653 sedes
1520 2613 1756 2651 iudicantes

278 2737 351 2769 lad
378 2739 508 2779 Ephcs
536 2739 618 2770 ΝΠ.

277 2781 290 2799 2
307 2784 396 2821 Aug.
416 2783 461 2813 (le
481 2783 554 2814 (liv.
574 2784 639 2814 Dei
664 2783 762 2819 xxl4,
784 2785 917 2823 Migne,
936 2786 973 2816 P.
983 2786 1020 2816 L.
1046 2785 1168 2817 XL1⁷⁷⁶.

276 2825 289 2843 ³
306 2828 396 2865 Aug.
418 2828 462 2857 <le
483 2828 558 2858 (iv.
581 2829 647 2858 Dei
671 2837 728 2858 xx
748 2828 763 2868 ἓ
783 2829 832 2865 Vl,
856 2830 987 2869 Migne‚
1010 2831 1093 2861 PL.
1117 2829 1241 2861 XL1⁶⁶².

276 2869 289 2888 ‘²
305 2871 411 2901 Matt.
439 2870 523 2902 xr22.

277 2913 289 2932 ⁵
305 2915 410 2946 Matt.
442 2914 614 2945 xxv31-33.
