1934 3260
52 995 100 1022 10

51 1657 100 1685 20

52 2361 102 2399 30

53 2691 100 2729 35

170 269 217 306 32
568 258 905 298 INSTRUCTIO
931 260 1024 298 PIE
1046 260 1287 299 VIVENDI

170 391 269 440 quia
297 390 368 440 qui
397 402 466 427 eas
493 395 747 439 congregant
778 390 1019 429 nullatenus
1047 396 1306 438 saturantur,
1330 391 1530 442 quoniam
1551 404 1705 430 avarus

167 468 386 506 nunquam
407 455 584 505 pecunia
603 455 803 506 impletur
816 456 831 480 1
850 469 857 502 ;
879 469 900 495 e
921 462 1069 495 contra
1089 470 1249 508 pauper
1269 457 1396 495 nichil
1432 457 1510 495 sibi
1539 457 1704 508 reponit

168 527 209 560 et
243 526 385 560 tamen
419 534 582 572 semper
614 521 762 560 misere
793 522 1039 562 contribuit.
1098 524 1255 563 Sexto:
1289 523 1389 575 quia
1424 528 1523 561 sunt
1566 523 1706 574 laquei

169 592 211 626 et
241 587 349 626 retia
378 587 563 638 Dyaboli
593 600 666 637 per
696 601 777 638 que
808 588 963 627 divites
992 588 1240 635 retinentur,
1273 602 1324 628 ne
1355 588 1411 627 ad
1440 589 1579 627 Deum
1609 601 1705 627 con-

170 657 394 692 vertantur
436 656 477 691 et
520 653 759 703 expeditius
801 667 897 693 eum
938 654 1172 701 imitentur,
1216 655 1329 694 unde
1371 655 1589 706 apostolus
1631 654 1704 701 ait,

172 719 287 770 “qui
330 719 480 757 volunt
525 719 680 758 divites
724 720 822 765 fieri,
867 720 1061 760 incidunt
1108 720 1243 771 (165a)
1290 721 1333 759 in
1377 720 1706 771 temptationem

168 790 210 824 et
259 785 301 823 in
352 785 551 836 laqueum
601 785 859 836 Dyaboli.’'2
914 787 1079 838 Pauper
1128 799 1240 833 vero,
1294 786 1490 825 omnibus
1538 786 1706 832 relictis,

169 851 382 890 Christum
415 851 621 896 imitatur,
657 852 790 890 sciens
823 853 969 903 procul
1002 852 1131 891 dubio
1165 853 1265 904 quia
1297 865 1394 892 eum
1426 865 1511 890 non
1546 852 1707 903 poterit

169 917 287 968 sequi
311 921 522 956 oneratus.
583 918 772 968 Septimo
792 931 799 957 :
827 918 927 970 quia
952 919 1076 958 diviti
1099 932 1212 957 mors
1236 923 1299 958 est
1324 918 1458 958 tristis
1482 922 1523 957 et
1548 930 1704 963 amara,

170 984 345 1034 pauperi
372 996 472 1022 vero
501 983 634 1022 dulcis
662 989 703 1023 et
732 985 829 1023 leta.
889 985 1081 1024 Octavo:
1113 985 1213 1036 quia
1241 998 1337 1024 cum
1366 985 1484 1023 dives
1512 983 1703 1029 moritur,

170 1050 312 1088 01111113
356 1049 518 1088 311111111
562 1050 735 1095 invitus,
783 1063 943 1101 pauper
987 1055 1131 1090 autem
1175 1056 1277 1090 tunc
1323 1050 1497 1089 divitias
1541 1055 1707 1088 eternas

168 1116 317 1166 recipit
352 1116 540 1165 gaudens
574 1120 615 1154 et
650 1116 772 1155 letus.
832 1117 922 1155 Hec
957 1121 1123 1156 attente
1158 1117 1376 1156 considera
1410 1120 1451 1155 et
1486 1128 1706 1166 nunquam

169 1182 333 1220 amabis
373 1182 456 1220 ista
496 1185 675 1221 terrena.
734 1183 984 1221 Notandum
1026 1196 1126 1222 vero
1167 1183 1282 1234 quod
1323 1187 1507 1234 quatuor
1549 1181 1707 1232 species

168 1248 389 1287 hominurn
413 1253 589 1299 possunt
615 1248 805 1291 inveniri¹
833 1249 989 1288 scilicet
1014 1249 1130 1299 largi,
1157 1249 1287 1295 avari,
1315 1248 1478 1299 prodigi
1502 1252 1543 1286 et
1569 1247 1702 1286 stulti.

169 1314 251 1365 Qui
273 1327 369 1364 ergo
392 1314 497 1353 dant
520 1327 628 1365 quae
651 1319 749 1353 sunt
773 1315 926 1360 danda,
952 1320 993 1354 et
1017 1315 1247 1366 prudenter
1267 1315 1451 1354 retinent
1475 1327 1583 1365 quae
1607 1318 1705 1352 sunt

168 1380 390 1419 retinenda
417 1380 521 1431 largi
549 1381 774 1420 dicuntur:
807 1381 880 1432 qui
908 1395 1007 1420 vero
1036 1394 1120 1420 non
1149 1381 1255 1420 dant
1283 1394 1392 1432 quae
1421 1386 1519 1419 sunt
1549 1379 1702 1425 danda,

169 1451 211 1485 et
236 1446 421 1485 retinent
446 1459 554 1498 quae
579 1460 663 1485 non
689 1452 787 1486 sunt
812 1448 1034 1486 retinenda
1058 1448 1177 1486 avari
1200 1452 1435 1486 vocantur:
1464 1446 1536 1497 qui
1561 1451 1706 1484 autem

170 1512 275 1551 dant
322 1512 476 1559 danda,
524 1518 566 1551 et
613 1526 697 1551 non
743 1514 926 1553 retinent
974 1527 1083 1565 quae
1129 1519 1228 1552 sunt
1274 1512 1496 1552 retinenda
1543 1511 1706 1562 prodigi

169 1579 464 1629 appellantur:
494 1579 567 1630 qui
592 1579 722 1618 etiam
748 1593 831 1618 non
859 1580 963 1619 dant
991 1580 1143 1625 danda,
1173 1593 1249 1618 nec
1274 1579 1457 1619 retinent
1484 1577 1707 1616 retinenda

169 1645 415 1696 insipientes
439 1651 660 1684 vocantur.

171 1772 238 1802 DE
262 1772 360 1803 IRA.
1238 1772 1527 1803 CAPITL‘LUM
1552 1770 1702 1800 XXIII.

227 1822 295 1860 Ira
323 1822 356 1859 si
385 1834 454 1860 cor
482 1826 605 1860 tuum
634 1822 834 1872 tetigerit,
865 1823 1012 1861 statim
1041 1822 1250 1861 mortifica
1278 1835 1383 1867 eam,
1415 1820 1617 1872 quoniam
1645 1824 1707 1858 est

170 1887 362 1926 rixatrix.
422 1888 512 1926 Hec
547 1893 691 1926 autem
728 1889 880 1928 accidit
917 1902 992 1940 pro
1028 1889 1106 1926 hiis
1142 1901 1222 1939 que
1258 1894 1406 1926 contra
1441 1886 1709 1925 voluntatem

171 1953 347 1991 alicuius
367 1954 569 1992 eveniunt
592 1955 678 1993 sive
701 1956 807 1993 fiunt
830 1955 896 1994 vel
918 1955 1117 1993 dicuntur
1137 1967 1144 1993 :
1169 1954 1219 1993 de
1241 1967 1326 2004 qua
1347 1958 1531 2004 quatuor
1552 1951 1710 2003 species

171 2024 482 2069 cognoscuntur
517 2033 617 2059 esse.
678 2022 784 2060 Sunt
821 2021 932 2060 enim
967 2021 1158 2059 nonnulli
1194 2020 1266 2071 qui
1301 2020 1434 2058 invite
1469 2019 1710 2057 irascuntur

171 2090 212 2124 et
241 2086 326 2124 cito
353 2086 588 2136 quiescunt,
619 2087 689 2125 alii
716 2100 815 2125 vero
843 2087 916 2138 qui
943 2088 1027 2126 cito
1054 2087 1293 2125 irascuntur
1321 2090 1362 2124 et
1391 2085 1475 2124 cito
1502 2084 1706 2129 resiliunt,

173 2151 311 2203 (165b)
341 2152 545 2202 quidam³
569 2158 714 2192 autem
741 2153 814 2204 qui
840 2153 961 2192 tarde
987 2154 1226 2192 irascuntur
1253 2151 1442 2190 et2tarde
1469 2150 1709 2195 dimittunt,

172 2218 302 2268 aliqui
324 2219 454 2257 etiam
478 2219 550 2269 qui
574 2219 658 2258 cito
680 2219 920 2258 irascuntur
942 2224 983 2258 et
1007 2219 1128 2258 tarde
1150 2218 1414 2269 resipiscunt.
1475 2216 1604 2255 Primi
1626 2228 1709 2253 non

172 2283 283 2326 boni,
306 2284 478 2323 secundi
497 2285 609 2328 mali,
632 2285 751 2324 tercii
770 2286 930 2337 peiores
950 2291 991 2324 et
1012 2285 1154 2336 quarti
1174 2284 1354 2335 pessimi.
1415 2283 1508 2321 Hiis
1527 2287 1713 2333 quatuor

171 2350 388 2400 speciebus
423 2351 574 2389 merito
609 2351 755 2390 multis
788 2352 1025 2390 rationibus
1059 2351 1271 2390 obviatur.
1332 2349 1472 2388 Primo
1507 2359 1704 2399 quoque:

172 2416 271 2466 quia
308 2417 443 2455 omnis
477 2417 538 2455 ira
573 2417 761 2456 nascitur
796 2431 847 2456 ex
883 2417 1091 2469 superbia,
1129 2417 1225 2455 licet
1261 2421 1410 2454 contra
1445 2420 1619 2465 peccata
1655 2413 1708 2451 sit

172 2482 428 2533 quandoque
470 2483 592 2529 bona,
637 2484 741 2522 alias
781 2488 925 2522 autem
968 2496 1130 2534 semper
1171 2483 1310 2520 mala:
1353 2481 1556 2520 indicium
1598 2479 1708 2518 enim

172 2548 364 2598 superbie
403 2554 465 2587 est
504 2555 646 2588 motus
683 2550 753 2589 ire.
814 2550 1033 2590 Secundo:
1075 2549 1174 2600 quia
1212 2561 1308 2587 cum
1345 2546 1534 2586 irasceris
1572 2545 1706 2590 alteri,

171 2613 360 2652 irasceris
396 2615 586 2654 similiter
623 2616 713 2661 tibi,
753 2621 795 2655 et
832 2621 980 2655 contra
1015 2615 1227 2654 iusticiam
1264 2613 1379 2659 facis,
1418 2613 1517 2664 quia
1553 2610 1711 2650 nemini

171 2679 279 2718 inest
319 2680 382 2718 vis
421 2681 618 2731 cuiquam
657 2682 875 2721 irascendi.
934 2682 1107 2720 Tercio:
1149 2681 1249 2731 quia
1287 2680 1320 2718 si
1358 2692 1485 2730 supra
1524 2678 1711 2728 aliquam

172 2751 431 2796 potestatem
463 2748 674 2798 accepisti,
710 2754 750 2787 et
785 2753 956 2799 propter
989 2760 1063 2786 sua
1096 2747 1205 2785 vicia
1238 2745 1406 2784 aliunde
1439 2743 1628 2783 irasceris
1660 2743 1708 2787 ei,

219 2849 230 2867 ¹
248 2851 334 2881 Hor.
363 2858 374 2879 1
403 2852 518 2891 Epist.
547 2851 617 2883 11⁵⁶.

219 2893 256 2922 21
280 2895 325 2925 ad
348 2895 439 2925 Tim.
464 2895 532 2926 x'19.

217 2938 229 2956 ³
244 2939 308 2968 Ms.
334 2940 483 2978 quidem
