2001 3250
97 999 146 1027 10

95 1328 142 1368 15

90 2322 142 2360 30

621 259 692 299 ET
720 258 988 298 SUPERNA
1014 260 1361 301 MEDITANDI.
1712 269 1762 310 95

217 391 394 442 inquam
427 391 652 441 gloriosam
686 390 959 430 divinitatem
992 391 1036 429 in
1070 405 1156 442 qua
1189 392 1302 443 patri
1336 396 1378 431 et
1413 391 1580 443 spiritui
1615 395 1763 430 sancto

219 461 282 496 est
299 461 539 496 co-eternus
555 460 597 496 et
614 457 991 496 consubstantialis
1007 458 1108 508 quia
1124 458 1179 496 ab
1196 462 1342 498 eterno
1359 471 1493 509 usque
1509 457 1552 496 in
1570 461 1764 495 eternum

220 527 283 562 est
308 523 424 561 Deus
448 523 810 562 incommutabilis
835 528 877 562 et
905 524 927 537 “
948 523 1061 562 idem
1086 524 1175 575 ipse
1201 529 1264 564 est
1285 525 1329 549 ”1
1355 528 1397 563 et
1425 525 1448 538 “
1469 537 1546 574 ego
1571 535 1665 561 sum
1691 523 1765 574 qui

220 602 314 628 sum
333 589 377 613 ”²
399 593 440 628 et
465 589 489 603 “
507 589 597 640 ipse
619 593 682 627 θεῖ
706 588 779 639 qui
801 589 915 628 misit
938 590 1070 629 me.''²
1126 590 1239 629 Audi
1261 590 1456 630 attende³
1478 595 1519 629 et
1543 589 1765 639 diligenter

219 655 449 701 considera,
470 655 571 706 quia
589 655 663 706 qui
681 655 775 701 fuit,
796 660 872 694 aut
891 656 964 706 qui
983 656 1074 702 erit,
1095 657 1183 695 sive
1202 657 1275 708 qui
1293 661 1397 703 erat,
1418 657 1486 695 vel
1504 655 1577 707 qui
1596 656 1766 694 futurus

219 726 294 768 est,
321 734 406 759 non
432 721 599 768 dicitur,
626 721 700 760 sed
724 721 797 772 qui
821 722 920 767 est,4
944 735 993 760 ac
1018 735 1091 773 per
1114 724 1194 761 hoc
1218 723 1307 762 eius
1331 723 1514 762 essentia
1538 721 1766 772 utrobique

218 787 488 838 predicatur:
520 788 588 826 hic
618 788 696 837 fige
725 800 914 837 gressum
943 789 1111 835 mentis,
1144 789 1211 827 hic
1240 794 1380 828 totam
1409 788 1692 828 intentionem
1721 791 1764 826 et

218 854 487 893 affectionem
520 853 696 892 infunde
730 858 802 892 tue
836 854 1088 901 devotionis,
1124 855 1191 893 hic
1224 855 1352 894 nichil
1386 855 1557 893 omnino
1591 854 1761 903 cogites,

217 919 297 958 nisi
334 920 449 971 quod
486 924 549 959 est
587 920 678 965 erit,
718 920 761 958 id
798 924 862 959 est
899 934 1063 972 semper
1100 921 1285 960 existens
1321 920 1684 960 incommutabilis
1721 924 1763 958 et

215 985 512 1025 invariabilis.5
568 986 680 1037 Quid
704 991 849 1025 autern
873 987 953 1025 hoc
977 987 1043 1033 sit,
1070 988 1138 1026 vel
1162 988 1265 1039 quid
1290 988 1429 1039 sapiat
1454 987 1592 1026 multo
1614 986 1764 1025 melius

216 1056 259 1091 te
291 1052 461 1091 docebit
493 1057 570 1092 tua
601 1052 769 1091 intenta
800 1058 843 1092 et
876 1055 1110 1092 affectuosa
1142 1054 1426 1093 consideratio
1461 1054 1596 1105 (219a)
1633 1057 1763 1103 atque

215 1118 346 1169 ipsius
374 1119 503 1157 beata
529 1124 571 1158 et
600 1119 791 1157 omnium
818 1119 1023 1169 magistra
1050 1121 1208 1167 unctio,
1239 1134 1370 1171 quam
1398 1133 1492 1159 mea
1520 1118 1764 1169 eloquentia

215 1185 282 1223 vel
330 1185 385 1223 ad
431 1184 572 1223 minus
619 1185 828 1224 sufficiens
875 1186 1147 1237 scriptitatio.
1207 1187 1242 1226 O
1291 1187 1324 1225 si
1371 1187 1487 1225 illam
1535 1185 1763 1224 essentiam

213 1251 609 1290 incommutabilem
630 1256 672 1290 et
693 1252 988 1291 invariabilem
1009 1253 1240 1292 eternalem
1261 1258 1303 1292 et
1325 1266 1489 1304 semper
1511 1253 1763 1290 duraturam

214 1322 309 1356 tota
332 1317 572 1363 devotione,
599 1322 726 1368 prout
750 1318 954 1369 prevaleS,
980 1319 1181 1358 attendas
1205 1324 1246 1358 et
1271 1319 1520 1364 consideres
1548 1317 1763 1369 quomodo

215 1388 342 1434 putas
377 1384 421 1422 in
457 1396 551 1422 eam
587 1388 730 1423 totum
767 1384 976 1435 spiritum,
1015 1390 1155 1424 totam
1192 1386 1474 1431 affectionem,
1513 1389 1656 1424 totum
1693 1383 1762 1422 de-

214 1449 414 1489 siderium
430 1454 472 1489 et
490 1449 672 1501 denique
689 1455 829 1489 totam
845 1451 1001 1490 mentis
1017 1456 1090 1490 tue
1107 1452 1240 1490 aciem
1257 1452 1434 1491 feliciter
1450 1450 1725 1490 transfundes
1745 1450 1759 1488 ?

214 1517 270 1555 Et
299 1516 396 1555 huic
424 1521 569 1555 autem
598 1529 695 1555 cum
722 1516 781 1555 sic
807 1517 949 1556 infusa
976 1517 1116 1564 fueris,
1147 1531 1306 1569 precor,
1337 1518 1370 1556 si
1398 1523 1521 1569 potes
1547 1521 1764 1555 memento

213 1582 296 1621 mei
345 1583 592 1633 peccatoris.
651 1583 889 1634 Deprecare
938 1584 1069 1623 etiam
1119 1584 1152 1623 si
1202 1585 1340 1635 placet
1391 1597 1488 1623 cum
1538 1583 1630 1622 aliis
1678 1582 1765 1621 tuis

214 1649 597 1700 supplicationibus
624 1654 673 1688 ut
702 1649 775 1700 qui
802 1649 882 1688 tibi
909 1650 1019 1689 hanc
1047 1651 1174 1689 fidem
1202 1651 1332 1697 dedit,
1363 1656 1405 1689 et
1433 1651 1476 1688 in
1504 1651 1583 1688 hac
1611 1649 1693 1688 fide
1721 1654 1764 1687 te

213 1715 427 1762 educavit,
456 1715 499 1753 in
527 1715 620 1766 ipsa
647 1728 781 1767 usque
808 1716 851 1754 in
880 1717 1007 1755 finem
1034 1717 1246 1756 illibatam
1273 1729 1523 1756 conservare
1551 1716 1761 1766 dignetur,

213 1781 287 1819 ubi
316 1786 420 1820 tunc
449 1781 589 1832 ipsum
618 1795 704 1820 non
733 1782 819 1820 iam
849 1782 942 1828 fide,
976 1783 1049 1821 sed
1078 1783 1185 1822 facie
1215 1783 1270 1822 ad
1299 1783 1470 1822 faciem6
1499 1787 1542 1821 et
1571 1783 1614 1821 in
1645 1794 1764 1832 spem

213 1847 392 1893 videbis,
428 1848 501 1899 qui
532 1848 661 1887 modo
693 1848 857 1887 cunctis
889 1849 1142 1888 mortalibus
1173 1854 1237 1888 est
1269 1849 1506 1895 invisibilis,
1533 1853 1576 1888 et
1609 1848 1706 1887 licet
1739 1860 1764 1886 a

213 1913 380 1952 nemine
436 1914 607 1953 mortali
661 1914 872 1960 videatur,
931 1919 1076 1954 tamen
1132 1915 1276 1954 omnia
1331 1915 1551 1966 conspicit,
1609 1918 1764 1953 cuncta

211 1980 424 2031 intelligit,
461 1980 662 2019 universa
696 1980 898 2027 attendit,
936 1982 1176 2021 considerat
1213 1987 1255 2021 et
1291 1985 1598 2033 perscrutatur.
1658 1980 1764 2019 Cum

213 2059 310 2096 ergo
331 2046 465 2085 aciem
486 2047 642 2085 mentis
661 2047 848 2086 intendis
870 2048 924 2086 ad
946 2048 1299 2087 considerandam
1320 2053 1362 2088 et
1385 2047 1762 2099 contemplandam

212 2112 329 2151 illam
369 2112 629 2152 ineffabilem
670 2118 714 2152 et
754 2113 1023 2152 individuam
1065 2115 1318 2161 trinitatem,
1363 2127 1585 2166 nunquam
1626 2114 1670 2152 in
1712 2125 1762 2152 ea

213 2178 372 2229 cogites
403 2184 478 2217 aut
510 2179 767 2230 ymagineris
799 2180 961 2231 aliquid
992 2194 1242 2232 corporeum
1273 2181 1341 2220 vel
1372 2181 1504 2220 ullam
1535 2179 1760 2218 materiam

213 2245 485 2296 corporalem,
528 2245 602 2284 sed
641 2245 839 2297 spiritum
878 2247 1152 2298 purissimum
1191 2247 1341 2287 ceteris
1380 2247 1600 2298 spiritibus
1638 2246 1760 2295 longe

212 2311 601 2362 incomparabiliter
658 2312 899 2363 puriorem:
957 2313 1156 2364 recogita,
1216 2314 1405 2365 inquam,
1465 2326 1560 2352 eam
1617 2311 1760 2351 omnia

211 2377 473 2429 implentem,
507 2378 707 2417 universa
737 2379 1168 2430 circumplectentem,
1202 2380 1540 2426 benevolentem,
1574 2379 1761 2429 insepar-

214 2444 381 2490 abilem,
417 2444 674 2483 invisibilem
707 2449 749 2484 et
783 2450 939 2485 cuncta
972 2451 1227 2493 cernentem,
1262 2447 1581 2497 incomprehen—
1619 2445 1757 2496 (219b)

214 2509 397 2549 -sibilem
432 2514 474 2550 et
527 2511 670 2549 omnia
705 2512 1149 2562 comprehendentem,
1187 2513 1448 2552 immobilem
1485 2517 1527 2551 et
1563 2511 1762 2550 universa

213 2577 535 2627 gubernantem.

265 2703 276 2722 1
294 2704 349 2734 Ps.
375 2703 458 2734 012⁸.

265 2747 410 2779 2Exod.
446 2747 535 2783 11113,
569 2747 609 2779 1⁴.

263 2792 277 2810 ³
292 2793 378 2823 read
403 2795 549 2822 attente
569 2792 579 2821 ?

264 2835 277 2854 ⁴
294 2837 400 2867 Bern.
425 2835 537 2866 Serm.
559 2837 597 2867 in
617 2836 724 2868 Cant.
750 2845 855 2867 XXXI
876 2836 891 2878 §
913 2846 925 2867 1
960 2839 1092 2878 Migne,
1117 2839 1202 2870 P.L.
1224 2837 1481 2870 CLXXX111⁹4⁰.

266 2879 278 2897 ⁵
294 2881 378 2911 Mal.
402 2879 486 2910 111⁶:
513 2880 585 2912 Iac.
610 2880 668 2912 11⁷.

264 2923 277 2941 ⁶
294 2932 305 2953 1
331 2925 377 2955 ad
401 2923 482 2955 Cor.
510 2923 628 2955 X11112.
