2001 3250
73 1005 122 1032 10

62 2464 114 2501 30

64 2794 115 2834 35

597 263 669 302 ET
696 264 962 303 SUPERNA
988 264 1333 304 MEDITANDI.
1692 277 1743 317 79

194 396 363 435 intenta
413 395 468 434 ad
518 395 776 435 audiendam
825 396 1063 443 lectionem,
1117 410 1247 448 quam
1297 402 1447 437 venter
1497 397 1553 436 ad
1602 410 1743 436 escam

196 461 460 501 sumendam.
518 462 616 500 Non
658 462 717 500 ibi
761 463 952 502 similiter
995 463 1114 513 signa
1156 463 1278 503 facile
1321 463 1464 510 facias,
1509 477 1586 502 nec
1629 464 1743 515 prior

196 528 252 567 ad
286 528 428 567 cibum
463 528 718 567 sumendum
753 541 905 568 manus
940 529 1159 575 extendas
1197 543 1334 581 neque
1370 530 1576 581 posterior
1611 543 1682 568 eas
1717 542 1743 569 a

196 594 290 633 cibo
318 594 524 634 retrahas
582 594 681 633 Noli
710 608 880 646 quoque
909 595 969 634 ibi
998 596 1184 634 multum
1212 596 1336 635 letari
1365 596 1453 635 sive
1483 596 1739 642 contristari,

195 674 248 699 ne
287 661 339 700 de
379 660 647 700 abundantia
686 661 753 699 vel
794 661 1013 712 paucitate
1053 675 1244 701 escarum
1284 662 1328 701 id
1368 663 1504 701 facere
1544 662 1740 701 videaris.

195 727 301 766 Cum
323 731 470 766 autem
492 727 681 778 pitancia
702 727 782 766 tibi
804 728 932 767 datur
953 728 1022 767 vel
1043 741 1069 767 a
1091 728 1331 779 presidente
1353 729 1555 775 mittitur,
1579 728 1744 767 modice

194 793 452 843 assurgendo
488 793 695 832 deferenti
729 794 998 833 mediocriter
1031 794 1199 840 inclina,
1237 808 1322 834 non
1357 794 1483 833 nimis
1518 795 1740 845 profunde,

193 872 246 898 ne
273 860 352 898 hoc
380 873 456 911 pro
484 860 690 898 desiderio
719 860 915 911 pitancie,
946 874 1022 900 nec
1051 861 1181 900 etiam
1209 861 1335 900 nimis
1361 861 1505 912 rigide,
1536 874 1587 900 ne
1615 861 1659 899 id
1686 874 1739 900 ex

193 925 397 977 despectu
426 926 563 965 facere
591 926 787 966 videaris.
848 927 954 966 Cum
983 931 1129 966 autem
1159 927 1348 978 pitancia
1377 928 1456 966 tibi
1486 927 1626 973 datur,
1658 940 1744 966 non

192 992 381 1043 hylarius
414 992 573 1042 gratias
604 993 761 1031 referas
794 1006 891 1032 cum
924 993 1004 1032 tibi
1037 994 1307 1033 abundanter
1340 998 1629 1045 apponuntur,
1665 1006 1742 1032 nec

191 1058 356 1097 tristius
402 1072 499 1097 cum
544 1059 680 1098 rarius
726 1060 951 1099 habentur.
1012 1060 1055 1100 Si
1101 1060 1295 1099 circumis
1341 1074 1509 1099 mensas
1555 1065 1603 1099 ut
1651 1060 1743 1098 aliis

191 1125 415 1171 ministres,
456 1125 523 1164 vel
562 1125 784 1176 quippiam
822 1126 964 1173 facias,
1005 1139 1090 1165 non
1129 1126 1279 1166 leviter
1317 1132 1392 1166 aut
1431 1126 1626 1177 segniter,
1668 1126 1741 1165 sed

191 1195 359 1230 mature
384 1195 460 1230 aut
486 1191 789 1243 circumspecte
815 1197 858 1231 te
883 1205 1014 1242 geras.

189 1330 258 1361 DE
289 1330 624 1363 DORMITORIO.
1304 1332 1595 1363 CAPITULUM
1626 1331 1738 1362 XLV.

246 1390 556 1429 Dormitorium
586 1403 750 1442 semper
781 1404 879 1430 cum
910 1391 1056 1442 primis
1087 1392 1291 1431 ascendas
1321 1392 1390 1430 vel
1421 1391 1664 1437 descendas
1698 1395 1740 1430 et

190 1460 291 1495 ante
312 1457 471 1496 lectum
492 1461 618 1495 tuum
638 1470 723 1496 non
747 1457 820 1496 diu
842 1462 939 1504 stes,
963 1471 1101 1509 neque
1123 1458 1197 1496 diu
1219 1471 1344 1509 super
1365 1458 1506 1509 ipsum
1526 1457 1711 1497 resideas
1731 1469 1738 1496 t

190 1523 366 1562 honeste
406 1527 552 1562 autem
591 1528 633 1563 et
674 1524 884 1575 pudorate
923 1529 966 1564 te
1007 1524 1292 1564 discalciando
1332 1529 1374 1564 et
1415 1529 1556 1563 vestes
1599 1524 1735 1575 (205a)

189 1589 548 1640 circumponendo
580 1594 623 1629 te
657 1590 828 1636 colloca,
865 1595 907 1630 et
941 1604 1038 1629 cum
1072 1591 1280 1630 collocata
1313 1591 1453 1637 fueris,
1491 1591 1524 1629 si
1558 1590 1741 1629 dormire

188 1668 273 1694 non
308 1661 441 1707 potes,
477 1656 684 1695 meditare
718 1657 880 1708 aliquid
913 1657 1014 1696 boni
1046 1658 1114 1696 vel
1148 1658 1275 1703 dicas,
1311 1662 1359 1696 ut
1394 1670 1467 1708 per
1501 1658 1580 1695 hoc
1613 1657 1739 1695 citius

188 1722 374 1761 dormias
409 1727 452 1761 et
489 1723 662 1761 suavius
697 1724 948 1775 requiescas.
1009 1724 1075 1762 Ibi
1111 1724 1230 1774 signa
1265 1737 1350 1763 non
1387 1723 1655 1775 multiplices,
1695 1727 1738 1762 et

187 1788 246 1827 sic
281 1789 424 1828 oculos
457 1792 555 1828 tuos
590 1789 857 1841 disciplinate
891 1794 1038 1829 teneas
1071 1794 1120 1829 ut
1154 1791 1286 1829 lectos
1321 1790 1530 1829 sodalium
1564 1794 1738 1828 tuarum

185 1854 363 1905 ignores.
424 1855 491 1894 Ibi
531 1860 698 1895 mature
738 1856 885 1895 incede
926 1861 968 1896 et
1010 1856 1068 1895 sic
1109 1861 1157 1896 ut
1198 1857 1411 1896 neminem
1451 1856 1654 1907 respicias
1694 1859 1737 1895 et

186 1921 318 1961 etiam
354 1926 404 1961 ut
440 1921 558 1960 nulla
594 1922 747 1961 faciem
783 1927 906 1962 tuam
943 1923 1087 1962 videre
1125 1928 1268 1974 queat.
1329 1923 1435 1962 Cum
1472 1922 1737 1973 horologium

186 1988 392 2040 pulsatur,
422 2001 507 2026 non
536 1988 652 2039 pigre
679 1993 722 2028 et
749 1990 1047 2035 somnolenter,
1078 1990 1151 2029 sed
1178 1989 1380 2029 velociter
1407 2003 1456 2028 ac
1483 1989 1737 2028 festinanter

186 2067 332 2105 surgas
367 2059 409 2093 et
445 2055 570 2093 horas
606 2056 739 2095 Beate
774 2055 969 2106 Virginis,
1007 2069 1091 2095 non
1128 2056 1314 2095 sedendo
1349 2056 1383 2094 si
1419 2056 1622 2107 prevales,
1662 2054 1736 2094 sed

186 2121 329 2172 potius
359 2121 515 2160 stando
545 2121 673 2161 dicas.
733 2122 801 2161 Ad
831 2123 962 2161 lectos
993 2123 1172 2161 aliarum
1202 2135 1425 2174 nunquam
1455 2135 1537 2168 eaS,
1571 2135 1647 2161 nec
1679 2121 1735 2160 ad

185 2192 310 2227 tuum
340 2187 529 2239 aliquam
558 2187 616 2227 ire
647 2189 884 2239 permittas.

183 2327 252 2358 DE
281 2327 495 2360 LABORE.
1277 2327 1569 2360 CAPITULUM
1598 2326 1732 2358 XLVI.

237 2387 444 2438 Tempore
471 2387 627 2426 laboris
654 2401 739 2426 non
767 2392 853 2427 stes
880 2393 980 2427 ante
1008 2388 1270 2427 auditorium
1297 2389 1400 2427 dum
1428 2388 1577 2427 tabula
1605 2387 1732 2425 debet

185 2453 355 2504 pulsari,
387 2467 439 2492 ne
469 2453 618 2493 audias
647 2454 870 2506 loquentes
899 2455 967 2494 vel
997 2455 1052 2494 ad
1080 2455 1342 2506 loquendum
1372 2455 1426 2493 ab
1456 2454 1600 2505 aliqua
1629 2453 1733 2492 velis

183 2519 363 2566 evocari,
398 2520 472 2559 sed
502 2521 648 2559 secede
679 2520 722 2559 in
755 2525 922 2572 partem
953 2525 1002 2560 ut
1035 2521 1177 2572 quiete
1210 2521 1346 2560 dicere
1379 2520 1512 2572 possis
1545 2520 1733 2570 aliquam

183 2586 432 2625 orationem.
492 2586 549 2626 Et
574 2600 671 2626 cum
694 2587 794 2633 exis,
820 2601 906 2626 non
930 2600 1001 2626 eas
1024 2587 1270 2627 immediate
1294 2591 1391 2639 post
1416 2586 1729 2638 procedentem,

182 2665 259 2691 nec
325 2652 529 2703 procedas
593 2652 840 2692 immediate
906 2653 1195 2705 posteriorem⁴
1256 2652 1590 2704 Indisciplinatis
1656 2655 1731 2690 aut

182 2718 360 2757 noviciis
386 2718 429 2757 in
457 2719 600 2770 aliquo
628 2733 751 2759 onere
779 2720 993 2771 portando
1019 2720 1087 2759 vel
1114 2733 1238 2771 opere
1266 2720 1461 2759 faciendo
1489 2723 1564 2757 aut
1592 2718 1733 2757 eundo

183 2784 271 2823 sive
297 2785 513 2824 redeundo
539 2799 624 2824 non
651 2790 694 2825 te
721 2786 843 2825 facile
868 2786 1030 2837 iungas,
1060 2791 1115 2833 et,
1145 2800 1241 2825 cum
1269 2798 1424 2838 pausas
1450 2798 1547 2824 cum
1574 2784 1733 2823 talibus

184 2851 272 2889 sive
304 2855 523 2901 segregata
554 2852 609 2890 ab
641 2852 744 2899 aliis,
779 2852 953 2892 minime
984 2853 1180 2898 resideas,
1216 2853 1288 2892 sed
1320 2853 1443 2891 iuxta
1475 2851 1657 2890 seniores
1689 2854 1731 2888 et

182 2921 374 2956 maturas
419 2930 583 2968 semper
629 2919 851 2969 pausando
895 2919 963 2958 vel
1008 2919 1255 2965 laborando,
1304 2918 1466 2969 aliquid
1512 2915 1731 2968 spirituale
