2001 3250
105 986 151 1012 10

103 2321 152 2358 30

216 253 266 292 86
608 250 950 290 Ixsrntcrio
976 248 1071 286 PIE
1093 218 1335 286 VIRT'ENDI

218 383 462 434 suppliciter
488 394 666 420 exorans
693 385 740 418 ut
769 392 843 430 pro
870 383 912 418 te
939 378 1204 429 respondeat,
1235 378 1307 429 qui
1334 391 1410 430 pro
1436 383 1512 417 tua
1539 377 1673 416 salute
1701 377 1753 415 de

219 450 355 487 Beata
413 447 582 496 Virgine
641 446 840 496 dignatus
898 449 961 483 est
1019 444 1230 483 incarnari
1287 449 1330 483 et
1389 444 1516 483 nasci.
1578 444 1754 494 Insuper

220 517 505 565 paupertates,
531 511 803 550 necessitates
824 510 1067 548 innumeras
1089 522 1138 548 ac
1161 510 1349 549 diversas
1373 523 1448 561 pro
1471 514 1513 548 te
1537 509 1752 553 sustinuit,

221 580 377 618 scilicet
406 578 447 616 in
477 577 628 628 frigore
657 582 698 615 et
728 577 876 622 calore,
907 576 949 614 in
979 575 1090 614 farne
1119 581 1161 614 et
1191 576 1273 621 siti,
1304 576 1347 614 in
1376 575 1492 614 falsis
1519 574 1756 620 fratribus}

220 646 263 684 in
307 643 480 688 iniuriis,
526 643 568 681 in
612 642 768 680 insidiis
811 646 854 680 et
897 641 1027 680 etiam
1070 641 1342 691 fatigationes
1384 642 1427 680 in
1471 640 1754 681 discurrendo.

221 709 576 749 contradictiones
612 708 654 746 in
692 707 962 759 predicando,
1002 707 1238 746 blasfemias
1275 708 1464 746 diversas
1500 706 1758 757 egritudines

221 775 421 820 curando,
440 775 635 813 lacrimas
652 774 694 812 in
713 773 1024 824 compatiendo,
1045 773 1322 823 sanguineum
1340 773 1537 812 sudorem
1555 772 1760 823 prolixius

221 842 263 881 in
305 841 456 891 agonia
496 840 668 878 orando
727 839 926 879 Similiter
966 839 1124 890 alapas,
1167 843 1306 890 sputa,
1349 839 1524 889 flagella,
1567 838 1759 889 spineam

222 920 433 951 coronam,
471 906 691 950 irrisiones,
730 905 954 951 illusiones,
993 904 1270 951 confusiones,
1311 905 1446 955 (211a)
1485 904 1761 954 ignominiam

222 973 366 1017 crucis,
407 973 561 1017 clavos,
600 972 804 1017 lanceam,
843 975 1025 1017 acetum,
1064 971 1236 1009 mirram
1273 983 1463 1009 amaram
1499 975 1542 1009 et
1579 969 1760 1020 denique

222 1038 463 1087 angustiam
500 1038 676 1076 mortis:
716 1037 800 1075 ista
836 1037 979 1075 omnia
1016 1041 1057 1075 et
1096 1036 1232 1075 multa
1270 1037 1352 1075 alia
1389 1049 1465 1087 pro
1502 1040 1544 1074 te
1582 1035 1760 1085 benigne

222 1104 436 1149 sustinuit,
465 1103 560 1142 ideo
587 1116 808 1153 nunquam
835 1102 1029 1153 desperes
1055 1102 1108 1141 de
1134 1102 1318 1153 peccatis
1345 1102 1433 1141 sive
1460 1101 1511 1140 de
1538 1100 1760 1139 iniusticiis

222 1170 318 1215 tuis,
350 1169 422 1208 sed
451 1170 526 1208 hec
555 1169 708 1214 omnia,
739 1173 948 1219 tanquam
976 1174 1064 1214 tua,
1096 1168 1196 1219 quia
1224 1181 1300 1219 pro
1328 1173 1371 1207 te
1399 1168 1454 1206 ab
1481 1167 1573 1218 ipso
1601 1166 1758 1205 miseri-

222 1236 403 1274 corditer
440 1235 685 1286 adimpleta,
727 1236 830 1273 offer
867 1234 905 1273 ei
942 1234 984 1272 in
1024 1234 1305 1284 penitentiam
1343 1239 1386 1273 et
1424 1233 1647 1272 emendam
1685 1238 1759 1271 tue

221 1301 535 1340 satisfactionis.
596 1302 645 1339 In
670 1300 750 1338 hiis
774 1300 828 1339 sit
853 1304 995 1339 totum
1019 1300 1228 1350 refugium
1252 1305 1376 1338 tuum
1401 1304 1443 1338 et
1469 1312 1563 1350 spes
1587 1304 1628 1337 et
1655 1298 1758 1336 fides

221 1372 309 1413 tua,
329 1367 372 1405 in
390 1367 555 1417 quibus,
577 1371 624 1405 ut
639 1371 681 1405 te
700 1379 833 1417 usque
845 1366 887 1404 in
902 1367 1028 1404 finem
1041 1371 1274 1411 conservet,
1291 1366 1456 1404 assidue
1475 1366 1612 1415 ipsum
1629 1376 1758 1403 exora

221 1438 282 1479 ut,
308 1446 404 1471 cum
424 1445 476 1471 ex
498 1433 576 1471 hac
596 1432 687 1470 luce
707 1432 849 1470 anima
869 1437 946 1470 tua
966 1432 1222 1481 migraverit,
1246 1432 1317 1469 illo
1346 1431 1533 1482 precioso
1554 1430 1755 1480 sanguine

222 1512 298 1549 pro
324 1503 366 1537 te
392 1498 660 1536 abundanter
683 1499 817 1537 effuso
841 1498 896 1536 ad
920 1497 1092 1548 plenum
1114 1497 1266 1536 laveris
1289 1502 1331 1536 et
1360 1502 1567 1548 tanquam
1593 1496 1757 1535 athleta

221 1569 370 1603 contra
426 1564 618 1602 inimicos
676 1568 773 1602 tuos
832 1563 1086 1602 dimicatura
1143 1563 1471 1614 circumquaque
1530 1563 1755 1601 affluenter

220 1629 448 1680 inungaris‚
484 1643 534 1668 ne
568 1629 702 1668 hostis
734 1629 909 1667 humani
941 1629 1103 1679 generis
1134 1629 1177 1667 in
1211 1634 1253 1668 te
1286 1629 1425 1668 locum
1458 1628 1648 1667 inveniat
1681 1627 1756 1665 ubi

221 1709 345 1734 suum
396 1708 655 1734 venenosum
707 1695 879 1733 dentem
930 1695 1100 1745 infigere
1152 1695 1297 1745 possit.
1358 1696 1574 1733 Instanter
1625 1693 1756 1732 etiam

221 1762 444 1812 deprecare
485 1765 532 1799 ut
574 1761 786 1811 predictas
826 1760 1077 1800 afflictiones
1118 1760 1374 1811 passionum,
1417 1759 1756 1804 tribulationum,

220 1827 521 1866 infirmitatum
565 1832 607 1866 et
652 1826 945 1876 angustiarum
989 1839 1063 1878 per
1107 1827 1342 1877 patientem
1387 1831 1429 1865 et
1473 1825 1761 1864 voluntariam

221 1893 492 1932 tolerantiam
527 1892 589 1931 ita
623 1905 754 1943 queas
788 1892 980 1938 imitari,2
1014 1897 1062 1931 ut
1098 1905 1123 1931 a
1158 1893 1424 1943 passionibus
1459 1897 1501 1931 et
1536 1890 1762 1930 tormentis

221 1971 270 1997 ac
297 1958 501 1997 incendiis
529 1962 659 2009 atque
688 1958 946 1997 cruciatibus
973 1958 1126 1997 inferni
1154 1959 1196 1997 in
1227 1959 1307 1997 fine
1336 1959 1479 1997 valeas
1506 1957 1685 2003 liberari,
1717 1961 1760 1996 et

221 2037 317 2063 cum
341 2024 505 2063 Christo
528 2037 682 2075 sponso
704 2029 780 2063 tuo
801 2024 843 2062 in
865 2025 937 2062 illa
958 2024 1101 2063 celesti
1121 2025 1264 2075 requie
1286 2029 1328 2063 et
1350 2024 1482 2075 gloria
1503 2023 1762 2074 sempiterna

221 2091 309 2129 sine
334 2091 416 2129 fine
439 2090 622 2141 gaudere
647 2103 696 2129 ac
721 2090 1026 2129 delectabiliter
1050 2090 1243 2130 refoveri.

220 2218 289 2248 DE
319 2217 656 2249 PATRIARCHIS
686 2217 748 2248 ET
779 2217 1062 2249 PROPHETIS

222 2262 284 2293 ET
310 2261 514 2292 ORNATU
540 2261 815 2293 VIRTUTUM.
1356 2260 1644 2292 CAPITULUM
1676 2259 1756 2289 LII.

279 2320 416 2371 (211b)
453 2321 512 2359 Ut
543 2326 688 2358 autem
719 2320 774 2359 ad
804 2320 876 2358 illa
906 2320 1034 2359 beata
1064 2320 1219 2370 gaudia
1249 2320 1291 2358 in
1324 2321 1405 2358 fine
1437 2319 1669 2370 pervenias,
1703 2319 1759 2356 ad

223 2386 396 2424 beatum
419 2387 655 2425 Iohannem
676 2386 912 2437 baptistam
929 2390 970 2424 et
993 2392 1163 2425 sanctos
1181 2386 1444 2437 patriarchas
1461 2398 1509 2423 ac
1528 2385 1759 2436 prophetas

223 2464 346 2502 super
395 2452 577 2490 afflictos
627 2456 668 2490 et
718 2451 955 2502 indigentes
1004 2451 1074 2502 pia
1123 2451 1284 2490 viscera
1333 2456 1547 2502 gestantes
1597 2450 1757 2488 solicite

222 2529 436 2555 recurras:
477 2530 583 2568 quos
620 2517 865 2568 suppliciter
902 2530 1048 2556 exores
1086 2522 1133 2556 ut
1173 2530 1247 2568 pro
1286 2522 1328 2556 te
1366 2517 1480 2568 apud
1519 2517 1658 2554 Deum
1695 2516 1755 2554 in‹

223 2587 433 2621 cessanter
466 2583 731 2622 intercedant
779 2583 919 2634 ipsum
953 2583 1228 2634 deprecantes
1261 2588 1310 2622 ut
1344 2588 1386 2622 te
1420 2583 1462 2621 in
1497 2595 1573 2621 suo
1606 2586 1756 2620 sancto

224 2648 399 2686 servicio
430 2661 676 2687 conservare
708 2653 751 2688 et
783 2649 868 2687 suis
899 2649 1096 2699 preciosis
1128 2649 1306 2695 ferculis,
1339 2649 1383 2687 id
1414 2653 1477 2687 est
1509 2660 1681 2698 corpore
1712 2651 1755 2686 et

224 2714 425 2763 sanguine
457 2726 505 2752 ac
536 2714 624 2752 eius
656 2720 804 2753 sancta
834 2715 1058 2753 voluntate
1089 2716 1268 2759 reficere,
1302 2727 1350 2753 ac
1382 2714 1584 2759 vestibus,
1618 2713 1661 2751 id
1692 2717 1755 2751 est

224 2779 456 2817 virtutibus
481 2779 686 2818 adornare
713 2780 921 2830 dignetur.
980 2780 1189 2819 Voluntas
1214 2779 1327 2819 enim
1353 2779 1432 2819 Dei
1457 2784 1520 2818 est
1548 2779 1761 2830 preciosus

271 2870 284 2891 ²
299 2879 327 2901 11
350 2872 397 2903 ad
419 2872 498 2904 Cor.
526 2871 609 2904 XI²⁶.

271 2915 284 2933 ²
298 2917 373 2947 The
394 2916 487 2948 Irish
506 2917 649 2948 version
668 2918 778 2949 omits
799 2918 894 2949 from
911 2917 1051 2949 imitari
1070 2920 1110 2949 to
1129 2918 1327 2950 devotione
1346 2918 1464 2949 cordis
1484 2916 1591 2953 infra,
1611 2926 1645 2958 p.
1668 2915 1757 2946 87²⁸.
