1934 3260
53 1027 101 1055 10

56 1413 101 1452 15

53 1747 103 1776 20

60 2409 109 2448 30

579 279 653 319 ΕΤ
679 280 944 320 SUPERNA
970 282 1312 323 MEDITANDI.
1659 294 1706 331 23

163 416 336 456 omnino
360 415 498 466 ipsam
523 411 765 451 debilitat.’'
823 413 859 452 O
886 426 1165 465 quaecunque
1190 415 1288 454 talis
1313 428 1369 463 es,
1397 427 1533 466 parce,
1562 427 1706 465 queso,

164 495 288 535 parce
322 478 580 520 consciencie
614 491 698 516 non
732 482 906 518 tantum
939 483 1025 527 tue,
1061 480 1135 519 sed
1168 481 1299 520 etiam
1333 481 1494 520 aliene:
1529 480 1641 520 illius
1674 481 1708 519 si

165 548 338 600 quidem
361 546 434 598 qui
457 544 537 584 tibi
559 544 786 590 ministrat,
813 549 856 584 et
879 545 968 585 eius
990 546 1064 597 qui
1086 547 1196 586 forte
1220 548 1298 586 hoc
1321 547 1443 587 audit
1466 551 1508 586 et
1531 546 1709 586 irridens

166 620 288 655 tuam
309 611 600 652 curiositatem
620 610 718 649 inde
740 624 851 650 mur·
876 611 1015 663 (157b)
1040 617 1213 659 -murat,
1237 618 1368 665 atque
1389 613 1614 664 superioris
1635 617 1708 652 tue

168 694 250 733 que
273 679 451 719 forsitan
475 690 572 716 cum
594 689 749 727 magno
771 677 1030 717 detrimento
1052 683 1094 718 et
1117 680 1363 729 gravamine
1386 679 1538 718 domus
1561 679 1643 718 tibi
1666 691 1715 718 ea

168 745 403 786 necessaria
446 748 658 795 procurat,
705 744 909 794 quoniam
951 744 994 783 in
1038 745 1118 783 hiis
1160 758 1245 784 non
1290 745 1556 797 disciplinam
1601 744 1716 784 beati

170 811 403 857 Benedicti,
437 810 510 862 qui
540 809 753 849 sororibus
783 810 868 849 duo
898 811 1184 862 pulmentaria
1214 816 1337 851 cocta
1366 816 1409 851 et
1439 810 1652 861 legumina
1683 810 1718 849 si

170 880 366 919 adessent
388 877 540 916 debere
561 876 777 915 sufficere1
797 876 906 916 dixit
928 881 971 916 te
993 890 1081 916 esse
1103 878 1303 924 ostendis,
1327 877 1401 916 sed
1422 876 1622 928 Epycuri,
1646 876 1721 928 qui

170 945 371 996 magister
395 943 477 982 fuit
502 942 597 993 gule
622 946 664 981 et
689 943 928 994 voluptatis
948 956 954 982 :
982 943 1080 982 hinc
1106 944 1311 984 Sasomon
1337 943 1410 990 ait,
1441 944 1463 957 “
1485 943 1543 982 fili
1567 956 1651 981 non
1677 946 1721 981 te

169 1011 364 1052 effundas
384 1022 508 1061 super
529 1021 698 1048 omnem
718 1010 901 1049 escam.’'
917 1009 933 1034 2
988 1010 1158 1050 Sanitas
1178 1011 1291 1049 enim
1311 1010 1450 1049 anime
1471 1014 1514 1049 et
1535 1008 1722 1060 corporis

170 1084 233 1118 est
266 1077 513 1117 moderatus
545 1075 674 1121 cibus
711 1081 753 1115 et
786 1076 1005 1127 apostolus
1037 1076 1110 1123 ait,
1148 1077 1171 1090 “
1191 1089 1286 1116 esca
1317 1076 1458 1116 ventri
1490 1080 1532 1115 et
1564 1079 1715 1114 venter

170 1145 285 1191 escis,
319 1144 435 1182 Deus
465 1146 611 1181 autem
641 1142 753 1181 hunc
784 1148 826 1182 et
858 1143 935 1181 has
965 1142 1231 1182 destruet.'’3
1284 1143 1350 1182 Tu
1380 1155 1477 1193 ergo
1508 1141 1722 1193 sapienter

170 1212 254 1251 ista
281 1209 552 1250 considerans
579 1208 674 1260 plus
701 1209 876 1248 attende
904 1209 960 1248 ad
986 1214 1108 1248 tuam
1136 1209 1434 1249 necessitatem
1461 1207 1719 1260 explendam

171 1290 302 1329 quam
325 1276 597 1327 voluptatem
619 1275 881 1314 sectandam.

171 1405 239 1437 DE
264 1403 509 1436 LUXURIA.
1263 1401 1554 1434 CAPITULUM
1578 1399 1708 1430 XIIII.

227 1453 415 1493 Luxuria
448 1465 530 1504 que
563 1451 615 1491 de
648 1451 780 1490 nimia
812 1451 1044 1503 repletione
1076 1452 1172 1503 gule
1205 1456 1248 1491 et
1282 1452 1473 1491 ciborum
1507 1463 1556 1489 ac
1589 1454 1719 1501 potus

172 1520 430 1573 quandoque
470 1517 661 1570 procedit
701 1518 848 1558 multis
887 1518 1126 1557 rationibus
1166 1518 1292 1557 debet
1333 1516 1486 1556 caveri.
1546 1515 1715 1555 Primo:

173 1587 273 1639 quia
306 1598 457 1637 corpus
489 1584 750 1636 coinquinat.
811 1586 835 1599 “
855 1585 992 1624 Omne
1023 1585 1136 1624 enim
1169 1588 1392 1636 peccatum
1424 1582 1541 1634 quod
1572 1581 1718 1621 fecerit

172 1654 343 1699 homo,’'
371 1653 479 1691 sicut
506 1651 567 1691 ait
592 1652 823 1702 apostolus,
853 1652 876 1665 “
897 1656 1020 1690 extra
1044 1664 1197 1702 corpus
1222 1664 1346 1689 suum
1372 1654 1448 1696 est,
1477 1649 1550 1700 qui
1575 1652 1721 1687 autem

171 1720 405 1760 fornicatur
427 1719 470 1757 in
493 1730 646 1769 corpus
668 1731 793 1757 suum
815 1717 1007 1769 peccat.’'
1022 1717 1038 1741 4
1093 1717 1287 1758 Secundo
1306 1729 1314 1756 t
1339 1716 1441 1768 quia
1462 1716 1542 1754 hoc
1563 1714 1723 1753 vicium

172 1799 314 1827 coram
341 1785 433 1824 Deo
460 1789 503 1824 et
531 1784 689 1835 angelis
716 1784 805 1823 eius
831 1788 895 1823 est
923 1783 1117 1830 fetidum,
1148 1787 1190 1823 et
1217 1783 1325 1829 ideo,
1355 1782 1465 1822 sicut
1492 1781 1535 1820 in
1564 1779 1716 1820 Genesi

171 1853 337 1905 legitur,
362 1853 385 1866 “
406 1865 431 1890 a
452 1852 543 1890 Deo
563 1851 658 1902 igne
679 1850 907 1902 sulphureo
927 1850 1010 1890 fuit
1029 1849 1341 1889 vindicatum.''
1355 1848 1372 1873 ⁵
1425 1847 1573 1887 Tercio
1592 1858 1599 1885 :
1623 1845 1726 1898 quia

172 1919 322 1959 habita
351 1931 437 1957 non
468 1917 614 1963 saciat,
647 1921 690 1957 et
721 1917 892 1969 expleta
920 1921 1110 1956 mentem
1139 1914 1344 1956 cruciat.⁶
1399 1915 1590 1966 Quarto:
1624 1911 1726 1963 quia

174 1986 405 2039 plurimum
430 1984 546 2035 prius
570 1983 758 2031 dilectas,
786 1988 884 2035 post
909 1983 1195 2035 expletionem
1219 1982 1295 2028 sui,
1323 1981 1434 2020 sicut
1458 1980 1510 2019 de
1533 1979 1720 2019 Thamar

172 2053 337 2104 legitur,
366 2050 471 2090 facit
498 2050 708 2090 odiosas.⁷
764 2049 952 2101 Quinto:
982 2049 1083 2101 quia
1110 2048 1162 2088 de
1189 2047 1363 2087 amabili
1389 2058 1545 2098 sponsa
1572 2043 1728 2084 Christi

177 2119 313 2172 (158a)
348 2117 452 2157 facit
484 2116 675 2156 odiosam
706 2121 749 2156 et
780 2116 909 2156 vilem
940 2115 1138 2155 ancillam
1168 2114 1368 2167 Dyaboli.
1427 2114 1585 2153 Sexto:
1619 2110 1724 2162 quia

175 2186 330 2231 anima,
363 2196 444 2236 que
474 2183 591 2235 prius
618 2182 812 2222 iocundis
840 2181 1195 2222 meditationibus
1224 2180 1443 2221 celestium
1472 2177 1726 2229 gaudiorum

176 2252 356 2292 dulciter
380 2250 648 2302 pascebatur,
676 2254 826 2301 postea
851 2262 924 2301 per
949 2262 1044 2288 eam
1069 2247 1402 2299 cogitationibus
1426 2243 1660 2285 immundis
1684 2246 1728 2282 et

177 2317 390 2370 spurcitiis
424 2316 562 2355 carnis
595 2316 779 2368 turpiter
813 2315 1070 2355 sordidatur.
1129 2314 1348 2366 Septimo:
1386 2311 1489 2364 quia
1523 2307 1729 2362 quicquid

177 2384 279 2424 boni
306 2385 354 2423 fit
383 2382 472 2422 sine
500 2382 701 2422 castitate
728 2382 858 2421 nichil
886 2382 1060 2421 omnino
1087 2385 1230 2433 potest
1258 2379 1469 2432 prodesse.
1528 2377 1724 2417 Octavo:

179 2451 279 2504 quia
300 2463 373 2502 per
394 2462 489 2489 eam
509 2449 647 2501 pudor
668 2449 860 2489 aufertur
880 2447 1141 2499 virginitatis
1162 2460 1244 2498 que
1266 2445 1464 2496 deinceps
1483 2443 1728 2482 nullatenus

178 2517 321 2557 valeat
363 2515 550 2567 reparari
569 2515 607 2555 :8
649 2515 762 2555 unde
805 2515 958 2555 beatus
1000 2513 1238 2554 Ieronimus
1280 2512 1354 2558 ait,
1401 2511 1425 2525 “
1444 2522 1542 2549 cum
1585 2506 1728 2547 omnia

179 2583 312 2636 possit
338 2583 466 2629 Deus,
494 2581 702 2633 virginem
726 2594 812 2621 non
838 2584 981 2633 potest
1007 2580 1212 2620 suscitare
1237 2582 1334 2631 post
1359 2577 1540 2616 ruinam.
1599 2573 1725 2613 Valet

226 2665 239 2685 1
255 2667 344 2697 Ben.
367 2665 456 2705 Reg.
479 2672 630 2702 xxx1x,
650 2666 783 2706 Migne,
804 2665 890 2696 P.L.
910 2662 1036 2696 cmm.

226 2710 239 2729 ²
255 2711 397 2742 Ecclus.
421 2708 613 2741 XXXV1132.

227 2754 240 2774 ³
256 2762 268 2785 1
287 2755 334 2786 ad
353 2753 432 2785 Cor.
453 2752 537 2785 vr13.

228 2798 242 2818 4
256 2806 268 2829 1
287 2799 334 2830 ad
353 2797 432 2829 Cor.
452 2797 539 2830 V118.

228 2842 241 2862 ⁶
256 2843 345 2874 Gen.
369 2840 486 2873 X1x24.

229 2887 242 2906 ⁶
258 2887 357 2918 Hier.
379 2885 478 2917 Com.
498 2886 536 2917 in
555 2887 647 2918 Osee
666 2894 679 2916 1
698 2885 714 2928 §
732 2884 818 2917 1v10.
871 2884 1003 2925 Migne‚
1025 2883 1110 2915 P.L.
1133 2879 1304 2913 XX111850.

230 2931 242 2950 ⁷
256 2938 285 2961 Π
305 2931 394 2970 Reg.
417 2929 534 2962 X11115,

222 2975 236 2995 8
252 2975 337 3006 Heli
354 2974 586 3011 Meidenhad‚
607 2973 782 3006 E.E.T.S.
806 2972 926 3014 (1866)
945 2981 980 3013 p.
1004 2971 1057 3003 10.
