2001 3250
111 651 133 692 υι

90 984 139 1011 10

91 1313 138 1353 15

92 2310 144 2347 30

94 2639 144 2679 35

605 263 679 302 ET
705 235 972 303 SUi³ERNA
998 262 1342 302 MEDITANDI.
1697 262 1746 310 85

202 393 271 424 DE
296 391 497 423 SANCTIS
522 390 736 422 ANGELIS
761 391 822 421 ET

206 435 532 468 PASSIONIEUS
558 434 771 466 CHRISTI.
1374 432 1663 464 CAPITULUM
1688 432 1748 463 LI.

257 506 399 546 Primo
423 518 593 557 quoque
617 505 769 544 accede
794 504 850 543 ad
873 505 1023 543 beatos
1047 504 1230 555 angelos,
1258 503 1332 555 qui
1355 503 1500 542 nuncii
1523 503 1750 554 interpret-

202 577 343 619 antur,
364 584 545 611 exorans
565 584 636 610 eos
656 575 705 610 ut
727 570 779 610 de
800 575 843 610 te
865 571 979 609 bona
998 570 1216 616 nuncient,
1240 570 1412 616 scilicet,
1436 569 1553 620 quod
1574 573 1752 620 peccata

203 638 426 690 reliquisti.
484 637 705 678 Secundo:
771 637 826 676 ad
889 637 1176 687 archangelos,
1242 636 1315 687 qui
1378 648 1546 674 summa
1611 634 1749 686 (210a)

206 705 426 750 nunciant,
467 708 517 743 ut
556 703 830 742 devotionem
868 707 991 742 tuam
1030 707 1072 742 et
1112 706 1190 741 tua
1229 702 1436 741 desideria
1475 701 1670 740 deferant
1710 701 1753 739 in

207 771 394 811 excelsis.
451 770 626 809 Tercio:
654 769 710 808 ad
734 769 930 815 virtutes,
959 782 1032 820 per
1057 782 1164 820 quos
1188 768 1394 807 miracula
1418 771 1461 807 et
1487 767 1606 818 signa
1631 768 1753 812 fiunt,

208 842 258 877 ut
288 850 369 889 que
400 837 452 875 de
481 840 619 876 morte
649 835 789 874 anime
818 835 1024 881 revixisti,
1057 848 1130 886 per
1160 848 1231 873 eos
1261 834 1497 873 virtutibus
1526 833 1753 884 implearis.

209 905 374 955 Quarto
393 915 400 942 :
426 902 481 941 ad
504 906 753 954 potestates,
779 901 853 953 qui
876 914 1019 940 aereas
1042 904 1279 952 potestates
1301 913 1354 939 ne
1376 904 1551 939 tantum
1573 903 1755 938 noceant

209 974 423 1022 quantum
449 969 602 1008 volunt
630 981 707 1007 sua
735 972 951 1019 potestate
979 967 1205 1014 refrenent,
1235 971 1284 1006 ut
1313 971 1357 1006 te
1385 966 1592 1005 adiuvent
1620 979 1673 1004 ne
1702 965 1757 1003 ab

209 1036 290 1075 illis
358 1048 550 1087 unquam
618 1038 820 1086 superata
887 1033 1123 1073 recidivum
1191 1033 1381 1084 patiaris.
1442 1032 1629 1083 Quinto:
1702 1031 1757 1070 ad

210 1102 487 1154 principatus,
532 1101 605 1153 qui
647 1100 726 1139 sibi
768 1100 969 1139 subiectis
1010 1099 1230 1151 spiritibus
1272 1098 1580 1150 principantur,
1623 1102 1673 1136 ut
1715 1102 1758 1136 te

210 1173 475 1215 conservent,
510 1181 563 1206 ne
596 1166 794 1218 superbia
827 1167 895 1205 vel
929 1170 1069 1205 cetera
1101 1165 1213 1205 vicia
1244 1165 1325 1205 tibi
1357 1177 1550 1216 unquam
1583 1164 1757 1203 valeant

210 1234 452 1286 principari.
511 1235 669 1274 Sexto:
707 1233 763 1272 ad
798 1232 1122 1278 dominationes,
1161 1232 1235 1283 qui
1270 1231 1362 1270 aliis
1397 1231 1617 1282 spiritibus
1651 1229 1760 1268 miro

210 1302 340 1340 modo
390 1300 680 1346 dominantur,
734 1303 782 1338 ut
834 1303 878 1338 te
930 1311 1004 1350 per
1054 1311 1201 1338 veram
1253 1297 1542 1336 humilitatem
1595 1309 1759 1347 semper

211 1367 448 1406 subiectam
491 1370 667 1405 teneant
711 1370 788 1404 tuo
832 1365 1025 1404 creatori.
1085 1364 1303 1415 Septimo:
1350 1363 1407 1402 ad
1449 1364 1638 1409 thronos,
1686 1374 1760 1413 per

211 1447 318 1485 quos
351 1434 467 1472 Deus
501 1445 578 1471 sua
610 1432 767 1471 iudicia
802 1431 1014 1477 discernit,
1051 1435 1100 1470 ut
1134 1435 1179 1470 te
1212 1430 1395 1469 doceant
1429 1429 1488 1468 sic
1521 1433 1598 1468 tua
1632 1441 1760 1479 opera

210 1501 389 1539 discrete
426 1499 670 1546 diiudicare,
708 1511 761 1536 ne
796 1498 839 1536 in
877 1498 959 1536 fine
996 1509 1073 1548 pro
1108 1496 1167 1536 eis
1202 1496 1412 1535 iudiceris.
1471 1495 1666 1535 Octavo:
1705 1494 1761 1533 ad

209 1566 426 1612 cherubin,
464 1565 537 1617 qui
571 1564 794 1616 plenitudo
829 1563 1003 1603 scientie
1037 1563 1239 1602 dicuntur
1273 1566 1322 1602 ut
1356 1574 1504 1601 veram
1538 1560 1762 1600 scientiam

210 1638 253 1672 te
284 1633 478 1677 doceant,
514 1645 586 1683 per
618 1644 748 1682 quam
780 1630 914 1681 possis
945 1634 987 1668 te
1019 1629 1218 1668 salvare.1
1272 1629 1427 1667 Nono:
1460 1628 1516 1666 ad
1547 1627 1757 1678 seraphin,

213 1699 286 1750 qui
336 1698 580 1737 incendium
630 1698 980 1748 interpretantur,
1034 1700 1083 1734 ut
1135 1695 1215 1734 tibi
1266 1695 1484 1733 incensam
1535 1694 1760 1732 caritatem

212 1765 449 1816 acquirant,
491 1777 564 1815 per
604 1776 735 1815 quam
774 1763 817 1801 in
857 1775 1000 1801 amore
1040 1761 1121 1800 Dei
1158 1761 1312 1812 iugiter
1352 1760 1609 1799 accendaris.
1669 1760 1761 1798 Hos

212 1832 346 1870 bonos
378 1831 551 1882 spiritus
583 1831 641 1869 sic
674 1829 921 1880 singillatim
952 1828 1170 1867 visitando
1201 1832 1244 1867 et
1277 1827 1533 1878 aliquotiens
1565 1826 1687 1877 quasi
1717 1825 1760 1864 in

211 1911 345 1937 unum
392 1896 687 1947 congregando
733 1895 949 1934 humiliter
996 1895 1232 1946 deprecare,
1282 1893 1399 1945 quod
1434 1893 1520 1932 suis
1566 1892 1761 1944 precibus

212 1965 435 2004 obtineant
479 1963 595 2015 apud
637 1963 777 2002 Deum
820 1966 868 2001 ut
912 1961 1195 2012 penitentiam
1238 1959 1443 1999 concedat
1487 1959 1567 1998 tibi
1616 1958 1756 2009 (21ob)

212 2030 454 2082 adimplere,
492 2029 608 2081 quod
641 2029 678 2068 ei
712 2028 768 2067 ad
800 2028 971 2067 laudern
1005 2031 1048 2066 et
1082 2027 1260 2078 gloriam
1294 2030 1336 2065 et
1371 2025 1473 2077 ipsis
1507 2025 1662 2076 quibus
1696 2028 1759 2063 est

211 2097 414 2148 gaudium
441 2109 567 2147 super
593 2108 679 2134 uno
705 2099 926 2146 peccatore
954 2093 1235 2145 penitentiam
1262 2093 1448 2143 agente?
1475 2092 1530 2130 ad
1556 2091 1760 2142 gaudium

212 2164 267 2203 ad
289 2164 474 2203 leticiam
497 2162 649 2201 merito
671 2162 814 2200 valeat
838 2161 1068 2212 pervenire.
1130 2161 1178 2198 In
1202 2159 1282 2197 hiis
1304 2171 1525 2209 nunquam
1547 2158 1761 2208 negligens

213 2235 288 2269 aut
330 2230 460 2280 pigra,
505 2228 578 2267 sed
618 2228 799 2278 vigilans
840 2232 882 2266 et
925 2226 1116 2265 studiosa
1157 2238 1321 2276 semper
1360 2224 1603 2263 inveniaris.
1662 2224 1760 2261 Non

212 2296 418 2347 recogites
437 2295 537 2346 quia
555 2295 627 2333 illa
645 2293 818 2337 maiora,
841 2293 998 2332 scilicet
1018 2291 1216 2330 mortalia
1235 2296 1310 2330 aut
1331 2291 1565 2329 criminalia
1584 2295 1761 2341 peccata

213 2376 297 2401 non
332 2361 592 2407 commisisti,
628 2360 830 2412 quoniam
862 2373 947 2397 non
981 2359 1118 2397 solum
1149 2358 1411 2409 iniquitates,
1446 2370 1595 2396 verum
1628 2356 1760 2395 etiam

214 2429 400 2468 iustitias
426 2428 636 2467 Dominus
661 2427 704 2465 in
731 2427 813 2465 fine
839 2425 1059 2464 iudicabit.
1119 2425 1210 2463 Hec
1237 2424 1413 2462 audiens
1439 2437 1523 2461 non
1551 2423 1758 2473 desperes,

215 2508 291 2534 nec
319 2494 474 2533 alicubi
501 2493 638 2543 fugias
665 2493 745 2531 nisi
773 2492 828 2530 ad
854 2492 1008 2543 ipsum.
1069 2491 1164 2541 Ipse
1191 2490 1304 2529 enim
1331 2490 1462 2528 frater
1489 2494 1531 2528 et
1560 2501 1657 2528 caro
1684 2493 1761 2526 tua

215 2567 291 2607 est,
323 2573 472 2600 amans
501 2572 670 2598 ornnem
700 2559 963 2609 penitentem
992 2562 1034 2596 et
1064 2557 1188 2595 corde
1217 2556 1558 2607 compunctum,³
1586 2559 1760 2606 propter

216 2628 332 2679 quod
357 2627 391 2666 si
416 2626 565 2665 debilis
590 2639 633 2664 es
658 2630 700 2664 et
727 2625 782 2663 ad
807 2625 989 2662 multam
1015 2623 1296 2674 penitentiam
1322 2621 1562 2660 faciendam
1587 2620 1761 2659 minime

216 2699 258 2733 te
293 2693 571 2732 sufficientem
604 2691 820 2730 humiliter
855 2689 1058 2740 agnoscis,
1095 2689 1246 2728 accede
1280 2688 1541 2727 confidenter
1575 2687 1631 2726 ad
1664 2699 1762 2725 eum

267 2843 278 2862 ¹
295 2844 359 2875 Ms.
380 2843 516 2874 salvari

267 2887 279 2906 2
295 2888 380 2919 Luc.
411 2886 492 2919 xv'.

265 2932 279 2951 ³
295 2933 350 2963 Ps.
375 2930 442 2963 L1⁹.
