1934 3260
102 997 148 1025 10

99 1657 149 1685 20

103 2318 151 2355 30

223 258 268 297 16
594 256 935 296 INSTRUCTIO
975 257 1070 296 PIE
1107 257 1351 296 VIVENDI

215 393 323 429 esset
358 387 495 439 (151b)
530 387 711 433 auditor,
744 400 829 426 non
861 392 969 427 esset
1001 388 1286 428 detractor.''1
1342 389 1384 429 Si
1415 401 1512 439 ergo
1543 388 1586 427 in
1617 388 1739 427 nobis

215 456 291 494 hec
325 454 541 504 diligentia
573 458 682 493 esset
715 466 767 492 ne
801 453 1158 493 obtrectatoribus
1190 455 1311 494 facile
1344 454 1617 501 crederemus,
1652 454 1739 493 iam

216 534 360 560 omnes
397 520 616 559 detrahere
652 519 863 566 timerent,
902 533 954 559 ne
991 533 1075 559 non
1113 524 1204 560 tam
1241 521 1344 559 alios
1381 533 1510 572 quam
1548 534 1590 559 se
1626 520 1741 571 ipsos

216 586 477 626 detrahendo
525 585 629 625 viles
676 586 875 625 facerent.
933 587 990 625 Et
1038 586 1169 625 etiam
1216 587 1344 625 nichil
1391 591 1482 625 tam
1529 586 1741 637 inquietat

217 653 415 697 animam,
446 652 574 691 nichil
601 656 665 691 est
694 652 810 703 quod
837 652 899 691 ita
927 651 1126 691 mobilem
1153 657 1341 692 mentem
1370 665 1418 691 ac
1446 652 1583 691 levem
1612 651 1742 691 faciat

217 731 347 770 quam
380 717 501 757 facile
534 722 676 757 totum
710 718 875 757 credere
909 722 951 757 et
986 718 1323 757 obtrectatorum
1355 719 1486 758 verba
1518 717 1744 757 temerario

217 785 372 824 mentis
405 796 577 824 assensu
612 785 741 835 sequi.
801 785 858 823 Et
893 784 1043 823 beatus
1079 785 1331 830 Bernardus,
1370 785 1632 823 “detrahere
1667 788 1742 823 aut

217 850 512 890 detrahentem
545 851 702 897 audire,
738 850 841 902 quid
874 851 1024 889 horum
1058 850 1371 901 dampnabilius
1404 851 1470 896 sit,
1506 863 1591 888 non
1625 849 1746 888 facile

218 917 467 956 dixerim.'’2
521 917 587 956 Tu
625 929 726 956 vero
765 916 1107 962 sanctimonialis,
1151 930 1231 968 que
1272 930 1470 968 sponsam
1511 916 1664 955 Christi
1703 920 1747 955 te

217 997 305 1022 esse
338 983 540 1033 agnoscis,
575 983 642 1021 cui
675 995 796 1022 aures
828 986 925 1021 tuas
958 983 1110 1022 devote
1144 983 1408 1029 consecrasti,
1444 983 1550 1022 tales
1582 982 1747 1032 linguas

217 1054 425 1100 tanquam
459 1062 671 1088 venenum
706 1049 972 1087 mortiferum
1007 1053 1049 1088 et
1085 1048 1246 1099 gladios
1282 1049 1346 1087 bis
1381 1054 1529 1088 acutos
1565 1048 1748 1087 letaliter

216 1115 488 1154 vulnerantes
510 1115 670 1154 solicite
692 1119 734 1154 et
758 1115 944 1154 studiose
967 1114 1123 1160 devita,
1148 1115 1326 1153 blandos
1349 1128 1517 1166 quoque
1539 1119 1582 1154 et
1605 1113 1747 1153 dulces

217 1194 428 1221 sermones
446 1181 537 1232 pias
555 1186 718 1220 mentes
736 1181 877 1219 dolose
896 1181 1202 1227 subvertentes,
1224 1186 1353 1232 atque
1371 1181 1538 1232 ineptas
1556 1179 1751 1219 fabulas³

217 1252 260 1287 et
285 1248 427 1286 omnia
450 1260 564 1286 nova
588 1247 753 1286 assidue
779 1247 890 1297 fuga,
918 1252 960 1286 et
985 1260 1148 1298 semper
1173 1247 1228 1286 sis
1253 1247 1409 1298 quieta,
1437 1247 1548 1285 unde
1575 1245 1751 1297 Sapiens

218 1314 291 1361 ait,
319 1315 341 1328 “
361 1314 450 1365 sepi
473 1326 594 1352 aures
616 1318 714 1353 tuas
737 1313 879 1364 spinis,
905 1326 957 1352 ne
981 1313 1159 1352 audiant
1181 1313 1369 1363 linguam
1391 1313 1618 1364 nequam,”
1632 1312 1648 1336 4
1670 1312 1750 1350 hoc

217 1385 281 1420 est
317 1380 532 1420 circumda
567 1392 637 1419 cor
672 1384 797 1419 tuum
832 1379 1158 1430 compunctione
1192 1379 1356 1419 timoris
1392 1379 1483 1425 Dei,
1522 1392 1573 1418 ne
1609 1378 1750 1429 ipsum

217 1448 440 1497 transfigat
491 1446 656 1497 gladius
708 1445 862 1496 triceps
913 1446 1155 1485 eternaliter
1206 1446 1465 1484 mortificans
1518 1450 1559 1484 et
1614 1443 1751 1483 letitia

216 1513 474 1564 sempiterna
538 1512 722 1563 privans.
782 1511 904 1550 “Cor
969 1512 1125 1557 enim,''
1192 1512 1331 1563 inquit
1403 1511 1560 1562 “quod
1626 1509 1747 1548 novit

217 1579 545 1618 amaritudinem
597 1578 735 1617 anime
786 1590 871 1624 sue,
925 1577 967 1616 in
1019 1578 1173 1628 gaudio
1224 1578 1312 1617 eius
1363 1590 1447 1616 non
1500 1576 1746 1615 miscebitur

216 1645 514 1691 extraneus,”5
549 1644 593 1683 id
628 1649 693 1684 est
728 1644 941 1683 detractor
977 1657 1244 1682 murmurans
1280 1657 1305 1682 a
1340 1643 1494 1694 gaudio
1531 1642 1754 1682 felicitatis

217 1717 358 1751 eterne
400 1712 571 1750 alienus.
629 1710 694 1749 Ne
736 1710 791 1749 sis
832 1710 962 1749 etiam
1004 1710 1113 1749 sicut
1154 1710 1317 1749 arundo
1358 1714 1487 1748 vento
1530 1708 1752 1748 cuiuslibet

222 1778 356 1829 (152a)
376 1777 578 1817 sermonis
596 1777 760 1827 agitata
777 1776 832 1815 ad
848 1776 993 1815 laudes
1011 1776 1166 1815 scilicet
1184 1780 1226 1815 et
1244 1776 1520 1821 adulationes,
1541 1780 1753 1826 tanquam

220 1844 275 1883 ad
296 1844 453 1895 gratias
473 1843 712 1883 referendas
733 1847 775 1881 te
798 1842 985 1881 hilariter
1006 1843 1246 1881 inclinando
1269 1847 1431 1894 parata,
1458 1842 1511 1880 ad
1535 1842 1751 1892 vitupera-

220 1910 356 1949 tiones
388 1923 488 1949 vero
520 1910 808 1954 contumelias
844 1909 1136 1959 derogationes
1168 1913 1211 1948 et
1244 1909 1322 1947 hiis
1356 1908 1509 1947 similia
1542 1907 1663 1958 quasi
1696 1905 1753 1944 ad

220 1977 356 2015 vicem
386 1976 646 2015 reddendam
677 1980 719 2014 te
750 1975 948 2013 iracunde
980 1975 1233 2014 reflectendo
1264 1974 1598 2026 promptissima.
1656 1972 1753 2010 Non

220 2047 317 2082 tuas
341 2055 462 2081 aures
485 2042 674 2080 similiter
698 2042 791 2092 plus
815 2041 1051 2080 demulceat
1075 2041 1218 2079 suavis
1241 2040 1425 2080 melodia
1448 2044 1598 2078 cantus
1622 2051 1754 2090 quam

220 2109 324 2148 illud
345 2109 459 2159 quod
480 2112 690 2153 cantatur,
716 2107 816 2158 quia
837 2107 987 2146 beatus
1011 2107 1273 2158 Augustinus
1298 2107 1370 2153 ait,
1397 2108 1419 2121 “
1439 2106 1639 2157 quociens
1658 2105 1754 2155 plus

221 2188 287 2214 me
331 2175 513 2213 delectat
557 2178 707 2212 cantus
750 2186 878 2224 quam
921 2173 1024 2212 illud
1068 2173 1182 2224 quod
1225 2178 1435 2217 cantatur,
1481 2172 1641 2211 tociens
1683 2183 1751 2209 me

221 2254 413 2292 peccasse
435 2240 639 2291 penaliter
665 2240 909 2278 confiteor.''
923 2240 938 2263 ‘⁵
995 2240 1118 2290 Quod
1140 2239 1174 2278 si
1195 2240 1272 2277 hoc
1293 2244 1356 2278 est
1379 2239 1591 2284 delictum,
1622 2237 1746 2288 quale

220 2312 284 2346 est
322 2307 426 2345 illud
465 2319 562 2345 cum
601 2306 655 2345 ad
694 2306 953 2344 audiendum
991 2306 1100 2351 liras,
1142 2306 1352 2356 cytharas,
1394 2305 1569 2350 fistulas,
1611 2303 1751 2348 tubaS‚

221 2386 374 2419 musas,
434 2372 703 2423 simphonias,
764 2376 982 2422 tympana,
1043 2372 1253 2422 psalteria,
1312 2371 1519 2422 cymbala,
1579 2381 1747 2419 organa,

221 2439 453 2478 cantilenas
476 2452 610 2477 vanas
633 2443 675 2477 et
700 2443 838 2476 cetera
862 2437 1013 2476 similia
1037 2438 1115 2476 hiis
1140 2450 1260 2476 aures
1284 2437 1431 2476 leviter
1455 2436 1712 2474 inclinantur
1732 2434 1746 2473 ?

221 2506 286 2544 Tu
320 2510 464 2544 autem
499 2505 533 2543 si
568 2504 623 2543 ad
657 2504 891 2543 ineffabiles
926 2504 1133 2553 angelicos
1167 2508 1396 2542 concentus
1430 2509 1471 2541 et
1508 2500 1753 2541 omnimoda

222 2571 510 2610 modulatione
548 2583 596 2609 ac
634 2570 912 2609 delectatione
951 2570 1074 2620 plena
1111 2574 1354 2608 sanctorum
1391 2569 1535 2607 laudes
1574 2567 1745 2618 aspiras,

270 2698 282 2717 1
300 2699 397 2729 Hier.
420 2699 536 2739 Epist.
559 2706 621 2728 LII.
642 2696 657 2738 ξ
680 2705 758 2728 xrv.
812 2698 945 2736 Migne,
967 2697 1051 2727 P.L.
1075 2704 1164 2727 xxn
1183 2695 1241 2727 ⁵³⁸.

270 2742 283 2761 ²
300 2743 404 2773 Bern.
429 2744 474 2773 de
496 2742 639 2773 Consid.
665 2749 693 2771 11
714 2741 730 2782 S
758 2742 807 2772 13.
862 2742 992 2780 Migne,
1018 2741 1101 2772 RL.
1125 2748 1295 2771 CLXXXII
1318 2739 1373 2770 ⁷⁵⁷.

271 2786 284 2805 ³
300 2795 310 2815 1
333 2788 378 2817 ad
400 2787 491 2818 Tim.
516 2794 555 2815 1v
576 2785 600 2817 ⁷.

270 2830 284 2849 ⁴
300 2831 439 2862 Ecclus.
466 2838 597 2860 xxvm
619 2828 660 2860 ²⁸.

271 2874 283 2893 ⁶
299 2875 405 2905 Prov.
432 2882 499 2904 X1v
521 2873 563 2905 ¹⁰.

270 2918 283 2937 ⁸
301 2920 388 2958 Aug.
412 2919 515 2949 Cous.
540 2926 566 2947 x
586 2917 600 2958 ἕ
624 2918 677 2948 33.
732 2917 860 2956 Migne,
886 2916 969 2947 RL.
995 2924 1113 2946 xxxn
1138 2915 1198 2947 ⁸⁰⁰.
