1934 3260
90 1029 137 1056 10

90 1359 137 1399 15

88 1693 138 1723 20

87 2401 136 2440 30

90 2734 137 2773 35

605 283 677 321 ET
705 283 969 323 SUPERNA
996 285 1334 325 MEDITANDI.
1695 296 1746 336 29

206 415 361 454 Christi
387 414 467 453 tibi
493 413 825 454 dimitterentur.
885 416 928 456 Si
954 416 1029 455 hec
1057 417 1269 468 sapienter
1296 418 1496 464 attendis,
1526 430 1745 468 nunquam

205 481 256 521 de
296 480 494 532 operibus
532 480 618 520 tuis
656 481 897 520 vanitatem
936 482 1125 522 habebis.
1184 484 1370 535 Quinto:
1414 484 1514 535 quia
1553 483 1748 534 ypocrita

205 560 370 598 semper
399 547 523 585 timet
554 551 596 586 et
626 560 848 599 nunquam
877 549 1115 600 requiescit,
1149 563 1200 588 ne
1232 550 1265 588 si
1295 555 1562 601 agnoscatur,
1596 549 1747 600 perdat

205 613 382 664 gloriam
401 626 531 664 quam
549 617 674 652 tanto
692 614 836 653 labore
855 615 1053 665 quesivit.
1110 617 1187 662 Tu,
1210 616 1244 655 si
1263 629 1391 667 opera
1409 621 1486 655 tua
1504 616 1545 654 in
1566 616 1747 654 veritate

206 680 322 726 facis,
384 692 530 718 secura
589 692 633 718 es
691 684 733 719 et
793 681 1089 732 vituperantes
1147 682 1236 721 sive
1294 683 1520 721 laudantes
1577 682 1751 720 minime

206 745 480 798 pertimescis.
539 746 696 785 Sexto:
733 747 834 798 quia
867 747 901 786 si
934 747 1220 799 deprehensus
1253 748 1396 788 dolore
1429 753 1472 787 et
1505 748 1751 787 confusione

208 813 348 864 (162b)
387 812 663 859 contabescit,
701 817 743 852 et
778 813 988 865 reliquum
1024 819 1195 866 tempus
1230 828 1354 854 suum
1389 815 1431 853 in
1468 814 1754 853 amaritudine

206 884 247 918 et
280 878 457 918 tristitia
489 879 713 925 consumit,
749 880 850 930 quia
881 881 1121 920 vanitatem
1154 894 1283 932 quam
1315 881 1544 932 glorianter
1576 880 1751 919 tenebat

205 945 388 996 turpiter
417 945 572 984 amisit.
630 946 695 984 Tu
724 951 869 985 autem
898 947 932 985 si
960 947 1002 985 in
1032 947 1154 986 bonis
1182 948 1380 999 operibus
1408 946 1747 998 deprehendaris,

206 1011 334 1050 nichil
351 1011 515 1050 amittis
535 1024 543 1057 ;
561 1011 732 1063 insuper
749 1013 783 1051 si
799 1013 906 1052 alter
922 1026 947 1052 a
963 1018 1039 1052 tuo
1056 1015 1250 1065 exemplo
1267 1014 1500 1059 edificatur,
1521 1013 1750 1064 plurimum

205 1078 392 1117 lucraris.
452 1078 669 1128 Septimo:
707 1079 808 1130 quia
841 1083 1051 1131 tanquam
1085 1081 1152 1119 fur
1186 1086 1228 1119 et
1262 1085 1421 1132 raptor,
1458 1079 1634 1130 gloriam
1669 1092 1750 1130 que

206 1144 334 1183 solius
358 1144 436 1183 Dei
460 1149 536 1189 est,
563 1145 642 1183 sibi
665 1150 857 1197 usurpat,
884 1151 1057 1197 propter
1080 1147 1196 1198 quod
1218 1147 1358 1198 ipsum
1381 1152 1591 1197 tanquam
1614 1146 1750 1184 furem

206 1215 249 1250 et
278 1215 495 1262 raptorem
526 1211 755 1262 pessimum
786 1225 926 1251 carcer
955 1213 1172 1252 infernalis
1201 1213 1490 1264 torquendum
1520 1216 1719 1263 expectat
1741 1224 1749 1257 ;

206 1277 319 1316 unde
348 1277 425 1315 Iob
451 1277 524 1323 ait,
555 1278 680 1329 “que
707 1283 770 1317 est
797 1291 892 1330 spes
917 1280 1121 1330 ypocrite‚
1150 1280 1185 1318 si
1210 1293 1337 1319 avare
1362 1279 1567 1330 rapiat‚’'1
1594 1278 1750 1316 scilicet

207 1343 287 1382 nisi
316 1356 425 1394 pena
452 1343 617 1390 inferni,
649 1358 730 1395 que
759 1358 857 1383 eum
885 1345 973 1384 sine
1003 1346 1084 1385 fine
1113 1347 1348 1397 torqueat?
1408 1346 1473 1384 Tu
1501 1357 1670 1396 quoque
1700 1344 1751 1382 de

207 1410 293 1449 tuis
313 1410 435 1448 bonis
454 1423 619 1462 semper
638 1411 729 1450 Deo
749 1411 926 1461 gloriam
946 1412 1143 1458 ascribas,
1166 1417 1214 1451 ut
1234 1413 1277 1450 in
1298 1417 1340 1451 te
1361 1424 1509 1463 pacem
1530 1415 1750 1449 conservet

208 1480 285 1515 tua
313 1476 426 1514 bona
453 1477 668 1516 voluntas.
728 1478 752 1491 “
772 1478 915 1517 Gloria
943 1478 1056 1517 enim
1084 1479 1126 1517 in
1156 1479 1331 1518 excelsis
1359 1479 1462 1524 Deo,
1494 1482 1536 1516 et
1565 1477 1607 1515 in
1637 1482 1751 1515 terra

207 1555 292 1594 pax
316 1543 559 1582 hominibus
582 1543 691 1582 bone
714 1544 1016 1584 voluntatis.''2
1038 1545 1205 1584 Octavo
1225 1558 1232 1584 2
1259 1545 1359 1597 quia
1381 1557 1537 1595 magna
1560 1543 1751 1582 confusio

207 1613 249 1648 et
275 1609 424 1648 abusio
449 1623 538 1649 esse
563 1610 842 1657 convincitur,
870 1612 985 1662 quod
1011 1625 1087 1663 pro
1112 1611 1387 1663 adipiscenda
1410 1623 1512 1650 vera
1537 1615 1579 1649 et
1604 1614 1751 1649 eterna

206 1676 338 1726 gloria
368 1676 493 1727 pauci
523 1689 565 1715 se
596 1677 651 1715 ad
681 1677 897 1716 modicum
928 1678 1098 1729 fatigari
1128 1679 1364 1730 patiuntur,
1398 1690 1495 1716 cum
1526 1690 1550 1715 a
1580 1675 1751 1715 misellis

206 1742 410 1794 ypocritis
439 1744 514 1781 hec
543 1756 657 1782 vana
685 1748 727 1783 et
758 1744 888 1783 fallax
917 1749 1042 1784 tanto
1070 1745 1213 1784 labore
1234 1744 1492 1796 acquiratur.
1552 1744 1607 1781 Et
1638 1746 1750 1781 certe

205 1813 401 1860 respectu
426 1822 523 1848 vere
550 1810 690 1860 glorie,
719 1824 832 1849 vana
858 1811 990 1861 gloria
1015 1811 1144 1850 nichil
1170 1824 1258 1850 esse
1285 1811 1600 1862 comprobatur.
1659 1809 1750 1847 Hec

205 1876 239 1914 si
277 1875 443 1928 assidue
481 1876 709 1922 mediteris,
750 1877 871 1916 facile
910 1891 1078 1917 omnem
1116 1891 1274 1916 vanarn
1311 1877 1500 1928 gloriam,
1541 1881 1749 1926 tanquam

206 1942 372 1993 paleam
401 1943 656 1982 exsufflabis.

205 2070 273 2100 DE
300 2070 513 2101 INVIDIA.
1340 2070 1633 2102 CAPITULL'M
1661 2068 1746 2099 XX.

261 2120 430 2158 Invidia
469 2120 503 2158 si
543 2121 598 2159 ad
638 2134 708 2159 cor
748 2126 872 2160 tuum
912 2122 1146 2167 accesserit,
1189 2134 1403 2160 venenosa
1443 2124 1534 2159 est:
1577 2119 1749 2157 omnino

204 2186 352 2225 resiste
384 2186 433 2225 ei.
493 2187 584 2226 Hec
616 2187 667 2226 de
699 2188 934 2227 virtutibus
965 2193 1007 2227 et
1040 2188 1167 2233 fama,
1203 2188 1290 2226 sive
1323 2188 1374 2226 de
1406 2186 1648 2230 honoribus,
1683 2185 1748 2223 vel

207 2251 342 2303 (163a)
362 2253 728 2304 prosperitatibus,
747 2254 835 2293 sive
851 2255 1158 2306 prelationibus
1173 2255 1352 2293 aliorum
1367 2253 1483 2292 nasci
1498 2251 1717 2291 consuevit
1740 2263 1746 2289 1

205 2319 272 2357 cui
305 2319 451 2358 multis
484 2320 621 2359 modis
654 2325 795 2371 potest
829 2321 979 2360 resisti.
1040 2321 1208 2360 Primo:
1245 2320 1346 2372 quia
1379 2324 1503 2370 turpe
1537 2324 1598 2358 est
1634 2317 1749 2369 quod

205 2385 560 2436 prosperitatibus
605 2386 693 2426 sive
740 2388 1046 2438 prelationibus
1091 2388 1270 2426 aliarum
1315 2386 1491 2431 invides,
1540 2398 1588 2424 eo
1635 2384 1749 2435 quod

205 2464 275 2490 eas
295 2465 380 2490 non
402 2452 532 2491 habes
553 2458 628 2492 aut
650 2454 805 2493 habere
826 2467 910 2493 non
933 2459 1066 2505 potes.
1127 2454 1320 2494 Secundo
1341 2465 1347 2492 :
1373 2453 1473 2503 quia
1494 2452 1535 2490 in
1558 2452 1636 2489 hoc
1658 2451 1748 2488 Deo

204 2518 396 2558 resistere
432 2519 598 2565 videris,
638 2533 663 2558 a
699 2533 783 2571 quo
820 2534 943 2559 omne
980 2521 1141 2559 bonum
1177 2520 1264 2559 sive
1301 2524 1492 2570 potestas
1528 2516 1746 2568 procedit;

205 2585 317 2624 unde
360 2586 578 2636 apostolus
621 2586 694 2633 ait,
742 2587 859 2638 “qui
901 2587 1108 2638 potestati
1150 2586 1321 2631 resistit,
1368 2585 1447 2623 Dei
1490 2581 1747 2622 ordinationi

205 2651 439 2690 resistit.’'3
494 2652 666 2692 Tercio:
715 2653 816 2704 quia
861 2658 909 2693 ut
956 2666 1118 2704 pauper
1163 2652 1334 2691 humilis
1380 2656 1422 2690 et
1449 2651 1561 2688 bona
1608 2650 1740 2693 fieres,

206 2717 397 2756 ordinem
424 2718 607 2765 intrasti,
637 2732 722 2758 non
751 2724 798 2759 ut
826 2720 1037 2759 invideres
1065 2719 1296 2758 honoribus
1323 2722 1365 2757 et
1394 2715 1747 2768 prosperitatibus

206 2784 384 2823 aliarum
425 2785 512 2824 sive
553 2785 727 2836 prelatis
766 2786 864 2825 tuis.
925 2787 1114 2837 Quarto:
1159 2785 1259 2836 quia
1299 2796 1454 2834 magna
1494 2782 1747 2833 perversitas

253 2888 348 2951 {Iob
376 2889 522 2952 x>{VI1⁸.
576 2891 640 2923 ΜΞ,
670 2902 784 2923 avara
809 2892 935 2933 capiat

253 2937 257 2941 ·
280 2934 366 2966 Luc.
388 2942 416 2964 11
439 2960 445 2966 .

251 2977 323 3010 ³ad
348 2979 454 3011 Rom.
481 2978 594 3010 XI112:
618 2980 663 3011 cf.
689 2980 784 3016 Eun,
809 2981 931 3011 Unam
954 2979 1142 3015 Sanctam,
1165 2977 1419 3009 Den2.-Bann.
1443 2974 1458 3017 §
1480 2975 1559 3006 469.
