2001 3250
58 1038 107 1066 10

56 1700 106 1729 20

4 2015 101 2070 .25

52 2362 103 2400 30

53 2691 101 2731 35

574 244 648 283 ET
674 243 941 283 SUPERNA
967 244 1310 283 MEDITANDI.
1664 245 1713 284 81

173 376 371 416 omnibus
398 375 592 427 periculis
617 380 708 415 tarn
734 375 821 415 tuis
847 389 977 427 quam
1004 376 1151 415 ahenis
1177 376 1398 428 diligenter
1425 375 1713 421 consideratis,

174 455 316 482 secure
345 442 518 481 consulo
545 442 625 481 tibi
652 447 701 481 ut
729 442 772 480 in
800 442 928 481 domo
955 446 1032 481 tua
1060 442 1209 481 sedens
1236 442 1279 481 in
1307 442 1475 481 silentio
1502 445 1544 480 et
1573 442 1716 492 quiete

173 509 356 549 salutern
383 513 505 547 tuam
531 508 748 559 opereris}

174 636 244 669 DE
274 635 646 667 INFIRMITORIO.
1221 635 1512 668 CAPITULUM
1544 634 1720 666 XLVIII.

232 697 282 735 In
321 695 589 734 infirmitorio
628 708 724 733 cum
763 695 940 733 infirmis
979 695 1195 734 ministras
1234 700 1310 734 aut
1349 695 1442 746 ipsa
1480 694 1720 740 infirmaris,

177 761 229 801 de
264 762 390 800 rebus
425 761 683 800 secularibus
723 761 861 812 (zoob)
901 766 943 800 et
980 761 1127 800 vacuis
1162 762 1385 813 loquentes
1420 774 1505 799 non
1542 761 1723 799 libenter

177 828 338 873 audias,
367 841 443 866 nec
470 833 519 866 tu
545 827 697 866 similia
723 827 920 878 loquariS,
951 828 1154 878 quoniam
1180 833 1344 879 quanto
1371 827 1554 878 amplius
1580 826 1725 877 aliqua

177 907 350 945 corpore
393 894 645 939 infirmatur,
692 899 816 933 tanto
860 893 995 944 magis
1038 893 1076 933 ei
1120 899 1220 933 sunt
1264 893 1444 932 dicenda
1487 898 1637 932 sancta
1679 897 1723 931 et

176 960 414 1011 spiritualia
439 960 571 999 verba
595 960 707 999 unde
734 960 901 999 animus
925 959 1057 1011 ipsius
1082 960 1125 998 in
1152 960 1233 999 fide
1260 965 1301 999 et
1328 973 1401 1011 spe
1427 964 1469 998 et
1497 958 1722 997 dilectione

179 1027 257 1065 Dei
285 1026 448 1065 dulcius
475 1026 710 1072 roboretur,
741 1032 783 1065 et
812 1026 943 1065 etiam
971 1031 1136 1077 quanto
1164 1027 1258 1078 plus
1286 1026 1430 1077 aliqua
1457 1025 1512 1064 ad
1540 1029 1722 1063 mortem

178 1092 519 1144 appropinquare
555 1093 738 1139 videtur,
778 1097 904 1131 tanto
939 1092 1074 1143 magis
1111 1093 1163 1132 de
1199 1092 1292 1132 vita
1327 1097 1475 1132 eterna
1511 1096 1553 1131 et
1591 1090 1724 1142 gloria

178 1159 321 1198 celesti
343 1164 405 1198 est
429 1159 466 1198 ei
487 1159 760 1210 loquendum,
786 1164 834 1198 ut
858 1159 997 1197 adhuc
1020 1159 1357 1210 concupiscenda
1378 1163 1421 1197 et
1444 1157 1725 1196 desideranda

177 1225 320 1264 anima
351 1225 483 1276 ipsius
516 1225 735 1264 ardentius
767 1225 1037 1264 accendatur.
1097 1226 1160 1265 De
1194 1225 1298 1264 cibis
1330 1229 1373 1264 et
1405 1224 1526 1263 victu
1558 1228 1635 1263 tuo
1668 1222 1725 1262 ad

176 1291 317 1330 minus
345 1305 475 1342 quam
505 1297 626 1342 potes
655 1304 801 1330 oneres
830 1291 1061 1330 servientes
1089 1296 1200 1339 tuas,
1231 1304 1307 1330 nec
1336 1304 1386 1330 ea
1415 1304 1497 1342 que
1526 1290 1577 1329 de
1607 1289 1726 1328 facili

176 1357 323 1396 haberi
348 1371 434 1396 non
461 1363 652 1408 possunt,
682 1358 716 1396 si
742 1358 954 1396 abstinere
981 1362 1115 1409 potes,
1143 1357 1360 1409 requiras:
1389 1357 1505 1408 quod
1532 1356 1566 1395 si
1592 1355 1725 1394 etiam

177 1424 412 1463 necessaria
457 1437 533 1475 pro
578 1428 833 1475 paupertate
878 1424 1030 1463 domus
1074 1424 1143 1463 vel
1188 1424 1331 1475 aliqua
1376 1423 1460 1462 alia
1505 1421 1724 1461 occasione

178 1490 401 1536 defuerint,
441 1490 577 1540 gaude
615 1491 681 1541 pie
717 1491 760 1528 in
797 1491 984 1530 Domino
1019 1495 1062 1529 et
1098 1490 1271 1529 minime
1309 1489 1582 1534 contristeris,
1622 1488 1724 1539 quia

178 1562 342 1608 quanto
362 1557 541 1596 maiores
561 1561 838 1608 paupertates
857 1561 899 1596 et
921 1556 1140 1607 angustias
1160 1557 1227 1595 hic
1248 1556 1461 1608 patienter
1481 1560 1523 1594 et
1543 1554 1725 1594 iocunde

178 1623 440 1669 sustinueris,
488 1628 614 1662 tanto
658 1623 821 1662 maiora
866 1623 1027 1674 premia
1073 1636 1098 1662 a
1143 1623 1234 1662 Deo
1280 1622 1470 1661 omnium
1516 1621 1726 1660 bonorum

176 1695 494 1728 remuneratore
529 1690 572 1728 in
608 1690 690 1728 fine
726 1689 915 1728 habebis.
995 1689 1196 1729 Similiter
1233 1689 1265 1727 si
1302 1688 1521 1739 despectui
1556 1686 1728 1726 haberis

176 1760 218 1795 et
239 1769 315 1807 pro
334 1756 491 1794 nichilo
511 1768 559 1794 ac
572 1756 845 1806 vilipenderis
863 1769 948 1794 non
969 1756 1112 1794 doleas
1131 1769 1207 1794 nec
1226 1755 1268 1793 in
1289 1755 1432 1805 aliquo
1451 1753 1723 1805 perturberis,

175 1822 276 1873 quia
299 1827 463 1873 quanto
487 1822 582 1873 plus
605 1822 659 1860 ab
683 1822 775 1860 aliis
798 1822 990 1861 abiiceris
1013 1826 1088 1860 aut
1112 1821 1373 1872 relinqueris,
1399 1825 1524 1859 tanto
1543 1819 1678 1869 magis
1701 1832 1726 1857 a

175 1888 419 1927 dulcissimo
451 1901 606 1939 sponso
638 1892 716 1927 tuo
748 1888 915 1927 Christo
949 1889 1045 1927 Iesu
1078 1888 1242 1926 dulcius
1275 1887 1476 1938 amplecti
1509 1891 1552 1925 et
1585 1885 1728 1936 sepius

173 1954 400 1994 mereberis
439 1954 659 1993 consolari.
720 1955 801 1993 Pro
840 1954 1017 1993 minimo
1057 1967 1154 2005 ergo
1195 1954 1390 1993 ducenda
1429 1957 1492 1992 est
1533 1951 1730 1991 visitatio

173 2026 249 2060 aut
287 2021 425 2060 labilis
465 2021 601 2072 (207a)
642 2025 685 2060 et
723 2021 921 2060 deficiens
958 2020 1192 2059 consolatio
1230 2020 1452 2065 sodalium,
1492 2019 1566 2057 ubi
1604 2018 1726 2056 adest

173 2087 387 2138 presentia
411 2092 453 2126 et
478 2087 648 2126 interna
672 2087 907 2126 consolatio
932 2087 1012 2126 Dei
1036 2100 1085 2125 ac
1111 2087 1309 2137 frequens
1334 2091 1375 2125 et
1401 2085 1510 2135 iugis
1533 2083 1727 2123 visitatio

174 2159 419 2192 sanctorum
443 2154 702 2204 angelorum.
761 2153 882 2192 Talia
906 2153 1047 2204 sepius
1071 2153 1260 2192 accidere
1285 2153 1421 2191 solent
1447 2151 1539 2197 hiis,
1567 2163 1650 2202 que
1675 2150 1728 2188 de

173 2233 251 2258 sua
280 2225 535 2271 paupertate
565 2226 608 2258 et
639 2219 877 2258 abiectione
906 2219 1108 2270 gaudent,
1141 2219 1331 2258 dicentes
1361 2231 1458 2257 cum
1488 2216 1726 2269 psalmista,

174 2286 199 2301 ‘¹
218 2299 296 2336 ego
328 2299 422 2325 sum
455 2298 617 2337 pauper
649 2290 692 2325 et
726 2285 938 2331 dolens,''2
968 2285 1013 2324 id
1045 2290 1109 2325 est
1143 2289 1400 2336 paupertate
1432 2288 1475 2323 et
1509 2283 1728 2322 doloribus

173 2352 310 2403 plena,
352 2352 562 2391 Dominus
601 2357 746 2391 autem
786 2352 976 2391 solicitus
1014 2356 1078 2391 est
1118 2351 1214 2398 mei,
1257 2351 1415 2390 scilicet
1454 2363 1522 2389 me
1562 2349 1725 2387 solicite

173 2419 420 2458 confortans
465 2418 713 2457 visitatione
759 2431 955 2469 superna.
1015 2418 1058 2458 Si
1103 2431 1205 2456 vero
1252 2418 1308 2456 ad
1353 2417 1438 2456 ista
1484 2416 1723 2467 pertingere

173 2485 305 2536 cupis,
357 2498 522 2536 semper
571 2485 614 2523 in
664 2485 812 2535 primis
861 2489 1038 2536 peccata
1086 2489 1164 2523 tua
1212 2483 1421 2522 veraciter
1469 2487 1512 2521 et
1562 2482 1724 2531 integre

173 2551 426 2597 confitearis
468 2555 598 2602 atque
637 2551 799 2590 solicite
837 2555 880 2590 et
920 2551 1100 2590 fideliter
1138 2550 1329 2601 requiras
1367 2554 1417 2588 ut
1456 2552 1725 2587 sacramenta

173 2617 332 2664 divina,
365 2617 523 2656 scilicet
553 2617 780 2656 eucaristia
810 2622 853 2656 et
883 2617 1031 2656 unctio
1061 2622 1265 2662 extrema,
1298 2629 1396 2654 cum
1424 2615 1566 2654 visum
1597 2613 1725 2652 fuerit

172 2683 383 2734 expedire,
421 2683 582 2722 solicite
619 2685 853 2722 afferantur
888 2683 995 2722 tibi:
1034 2696 1116 2734 que
1153 2687 1383 2733 postquam
1426 2680 1643 2731 receperis,
1682 2679 1725 2717 in

173 2749 255 2788 fide
295 2754 337 2788 et
379 2762 450 2800 spe
490 2749 698 2788 bonitatis
738 2753 780 2788 et
820 2749 1103 2788 misericordie
1144 2748 1221 2787 Dei
1274 2760 1416 2787 secure
1456 2746 1727 2785 vocationem

223 2875 296 2908 lad
321 2878 412 2907 Phil.
438 2875 509 2907 111².

222 2919 235 2938 ²
250 2922 307 2952 Ps.
329 2920 502 2951 LXV11130.
1695 2922 1718 2945 F
