1934 3260
140 1727 190 1755 20

143 2453 193 2492 30

143 2780 192 2820 35

263 267 318 306 34
663 254 1006 294 INSTRUCTIO
1032 256 1128 294 PIE
1151 256 1393 296 VIVENDI

264 394 327 427 est
354 388 455 433 Deo,
484 386 557 438 qui
580 386 698 425 iubet
724 386 892 436 diligere
916 386 1108 426 inimicos
1132 389 1262 427 suos.1
1317 389 1518 428 Decimo:
1547 390 1658 440 quia,
1686 390 1794 431 sicut

265 454 475 504 diligendo
502 452 680 491 efficitur
708 452 817 490 filius
843 452 934 498 Dei,
964 453 1021 491 sic
1049 453 1229 493 odiendo
1256 454 1434 494 efficitur
1461 455 1570 493 filius
1596 456 1793 506 Dyaboli.

264 520 328 558 Tu
350 532 450 558 vero
473 519 551 557 hoc
573 518 730 556 vicium
753 517 912 557 solicite
934 518 1082 569 fugias,
1107 524 1155 558 ut
1178 533 1275 558 cum
1297 520 1389 559 aliis
1411 520 1583 572 pacifice
1604 521 1737 561 vivas.

265 668 333 699 DE
358 667 619 699 TRISTICIA.
1356 669 1647 701 CAPITULUM
1673 670 1792 703 XXV.

318 727 513 766 Tristicia
553 727 586 765 si
626 740 696 765 cor
735 731 859 766 tuum
900 727 1144 778 possederit,
1187 741 1332 767 amara
1371 734 1462 768 est:
1505 729 1630 768 citius
1669 730 1797 769 debes

264 794 482 844 expellere.
541 794 631 832 Hec
661 793 778 831 nasci
807 793 912 832 solet
944 793 995 832 de
1025 798 1287 833 terrenorum
1318 800 1359 833 et
1390 795 1797 845 consanguineorum

264 860 499 905 amissione,
542 859 609 898 vel
649 859 700 897 de
740 859 1066 898 tribulationum
1106 865 1148 899 et
1188 860 1486 899 infirmitatum
1525 861 1794 908 immissione,

264 938 336 964 seu
376 926 426 964 de
466 925 530 964 sui
569 930 819 976 contemptu
858 930 900 964 et
939 926 1117 964 aliorum
1157 926 1448 976 promotione:
1491 927 1558 965 cui
1596 928 1797 966 velociter

264 991 454 1042 pluribus
479 991 616 1030 modis
642 991 768 1030 debes
793 992 996 1030 resistere.
1056 992 1224 1030 Primo:
1253 992 1353 1043 quia
1380 993 1454 1031 hec
1481 993 1670 1039 tristicia,
1699 1006 1796 1032 cum

263 1058 494 1096 secundum
531 1057 717 1095 seculum
754 1057 820 1103 sit,
858 1057 902 1095 id
938 1062 1001 1096 est
1038 1070 1113 1108 pro
1149 1058 1406 1096 secularibus
1440 1059 1577 1104 rebus,
1615 1064 1797 1098 mortem

263 1128 473 1174 operatur,
509 1136 590 1174 que
621 1136 721 1161 vero
754 1123 986 1162 secundum
1018 1123 1169 1169 Deum,
1203 1123 1247 1161 id
1278 1129 1342 1162 est
1375 1137 1450 1175 pro
1483 1125 1678 1175 peccatis,
1714 1138 1796 1176 que

263 1189 374 1228 bona
414 1194 477 1228 est
518 1189 552 1227 si
591 1202 676 1227 non
717 1189 770 1227 sit
810 1189 953 1235 nimia,
996 1189 1132 1227 vitam
1172 1194 1374 1228 eternam.
1434 1191 1653 1229 Secundo:
1696 1190 1797 1242 quia

261 1255 512 1306 temporalia
546 1255 846 1305 consanguinei
880 1255 1059 1294 adversa
1093 1259 1134 1294 et
1170 1259 1309 1294 cetera
1343 1260 1443 1294 sunt
1479 1256 1590 1294 dona
1625 1256 1715 1302 Dei,
1753 1261 1795 1296 et

260 1321 355 1360 ideo
393 1321 550 1360 nemini
587 1321 812 1359 iniuriatur
849 1334 946 1359 cum
984 1334 1033 1359 ea
1071 1322 1179 1360 sicut
1217 1322 1310 1359 vult
1349 1321 1481 1360 donat
1519 1327 1595 1360 aut
1632 1322 1794 1373 recipit.

260 1387 432 1426 Tercio:
464 1387 564 1438 quia
593 1387 666 1438 qui
695 1387 745 1426 de
775 1387 854 1425 hiis
882 1387 1172 1433 contristatur,
1204 1392 1352 1426 contra
1381 1388 1519 1426 Deum
1548 1388 1663 1434 facit,
1695 1388 1796 1439 quia

260 1467 343 1491 non
370 1454 463 1492 vult
489 1453 578 1492 eius
603 1453 871 1492 voluntatem
898 1453 970 1492 sed
996 1466 1116 1491 suam
1142 1453 1242 1492 fieri.
1302 1454 1490 1504 Quarto:
1520 1454 1620 1504 quia
1646 1454 1718 1505 qui
1744 1454 1795 1493 de

259 1519 473 1558 ablatione
505 1524 767 1558 terrenorum
799 1523 874 1558 aut
906 1519 1129 1558 collatione
1161 1519 1471 1558 adversitatum
1503 1520 1792 1566 contristatur,

258 1585 413 1624 iudicia
447 1585 526 1623 Dei
558 1585 861 1636 reprehendere
894 1585 1076 1624 videtur.
1136 1585 1321 1636 Quinto:
1359 1585 1459 1636 quia
1492 1590 1691 1631 mentem,
1728 1586 1796 1624 cui

259 1651 437 1690 tristicia
470 1651 682 1697 insederit,
719 1651 928 1690 tediosam
962 1655 1003 1690 et
1039 1651 1201 1702 pigram
1236 1651 1291 1689 ad
1325 1664 1448 1690 omne
1482 1651 1642 1690 bonum
1677 1652 1792 1691 facit.

259 1719 415 1757 Sexto:
459 1717 559 1768 quia
599 1717 766 1755 animus
808 1717 944 1768 (167a)
988 1717 1054 1755 cui
1095 1717 1291 1763 donatur,
1335 1717 1448 1755 omni
1490 1717 1712 1756 dulcedine
1753 1722 1795 1757 et

259 1783 539 1822 delectatione
583 1783 791 1834 spirituali
834 1783 1040 1834 privatur.
1100 1783 1316 1834 Septimo:
1363 1783 1463 1834 quia
1506 1783 1539 1821 si
1582 1796 1700 1822 mens
1744 1784 1795 1822 de

258 1849 591 1888 adversitatibus
611 1853 652 1887 et
674 1849 879 1899 angustiis
900 1849 1165 1900 presentibus
1185 1853 1226 1887 et
1247 1849 1327 1887 hiis
1347 1849 1553 1887 similibus
1572 1849 1795 1888 contrista-

259 1920 341 1961 tur,
363 1915 500 1953 multo
520 1915 702 1966 amplius
722 1915 892 1954 deberet
914 1915 1045 1965 affligi
1064 1928 1115 1953 ne
1135 1915 1178 1953 in
1200 1915 1318 1965 penis
1337 1915 1492 1953 eternis
1512 1915 1793 1965 demergatur.

259 1981 451 2020 Octavo:
485 1980 585 2031 quia
614 1980 648 2019 si
677 1986 850 2020 tantum
879 1981 1123 2019 excruciant
1154 1981 1324 2019 sublata
1352 1985 1519 2019 terrena
1549 1986 1590 2019 et
1621 1981 1793 2028 caduca,

259 2047 395 2085 multo
421 2047 515 2097 plus
540 2046 769 2085 dolendum
795 2051 858 2086 est
885 2047 918 2085 si
943 2047 1200 2085 amittantur
1224 2046 1379 2096 gaudia
1404 2051 1562 2085 eterna.
1622 2047 1744 2085 Hanc
1771 2059 1797 2085 a

259 2113 383 2152 corde
430 2117 506 2151 tuo
553 2113 724 2151 omnino
769 2113 935 2164 repelle,
983 2126 1035 2151 ne
1083 2112 1258 2163 priveris
1304 2112 1514 2163 spirituali
1560 2116 1602 2151 et
1649 2117 1796 2151 eterna

260 2179 535 2217 iocunditate.

259 2316 328 2348 DE
348 2316 532 2348 ACIDIA.
1342 2315 1631 2347 CAPITULUM
1652 2315 1793 2346 XXVI.

314 2376 463 2414 Acidia
481 2376 515 2414 si
534 2389 604 2414 cor
622 2380 746 2415 tuum
765 2381 958 2427 occupat,
979 2388 1092 2414 mors
1109 2380 1174 2414 est
1193 2388 1200 2413 t
1222 2388 1401 2426 procura
1418 2380 1468 2414 ut
1486 2375 1571 2414 cito
1590 2375 1792 2414 discedat.

261 2442 351 2480 Hec
376 2442 426 2480 de
452 2442 515 2480 sui
539 2446 580 2480 et
605 2442 684 2481 Dei
707 2447 837 2493 atque
861 2455 1065 2493 penarum
1088 2441 1241 2480 inferni
1264 2441 1474 2479 oblivione
1499 2440 1701 2492 procedit,
1728 2440 1795 2479 cui

261 2508 406 2546 multis
445 2508 582 2546 modis
621 2512 744 2547 caute
784 2508 911 2547 debet
950 2507 1126 2547 obviari.
1186 2507 1353 2545 Primo:
1396 2507 1496 2557 quia
1534 2519 1619 2545 non
1658 2507 1795 2545 solum

261 2573 447 2611 animam
477 2574 549 2612 sed
577 2574 707 2612 etiam
736 2587 887 2625 corpus
918 2574 1077 2624 affligit,
1109 2573 1171 2611 ita
1198 2578 1246 2611 ut
1275 2573 1419 2611 tedeat
1448 2573 1590 2611 vivere
1618 2576 1660 2611 et
1688 2572 1796 2611 mori

260 2639 380 2677 nolit.
440 2639 658 2679 Secundo:
692 2640 792 2691 quia
823 2641 877 2679 ad
908 2653 1031 2678 omne
1061 2639 1222 2677 malum
1253 2638 1386 2677 facilis
1416 2644 1478 2677 est
1510 2643 1551 2677 et
1584 2638 1792 2689 proclivis,

262 2709 412 2755 utpote
438 2718 518 2755 que
543 2706 698 2744 nullius
721 2706 885 2744 timoris
909 2710 973 2745 est
997 2718 1133 2756 neque
1158 2704 1222 2743 sui
1245 2704 1358 2742 iuris.
1416 2704 1589 2743 Tercio:
1617 2704 1717 2754 quia
1741 2703 1796 2742 ad

263 2783 385 2809 omne
426 2771 585 2809 bonum
626 2776 689 2810 est
731 2772 850 2822 pigra
890 2776 931 2811 et
973 2771 1118 2816 tristiS,
1161 2770 1204 2808 in
1245 2775 1417 2808 tantum
1458 2769 1573 2820 quod
1614 2769 1665 2808 de
1705 2769 1797 2820 ipso

262 2837 505 2887 loquentem
540 2837 684 2875 audire
718 2837 997 2889 contempnit.
1055 2837 1244 2887 Quarto:
1282 2836 1382 2886 quia
1414 2835 1532 2874 velut
1567 2847 1712 2873 amens
1745 2835 1797 2874 de

311 2929 322 2947 1
338 2929 445 2960 Matt.
471 2928 537 2960 VM.

1920 3080 1934 3260 ῌ-Αηῷ.
1929 3044 1934 3062 ,-,
1928 3012 1934 3028 „5
